3128 5036
554 538 662 585 curor
690 538 881 588 secuunuu.
1193 523 1233 590 m

202 691 348 780 pensis,
381 694 560 758 maturata
592 689 753 776 quidem·
773 695 889 759 morte
924 689 1229 778 intercipiendos,

202 805 334 874 exsilio
360 806 555 872 mulctatus
572 809 638 885 est,
656 803 858 872 discordias
874 804 971 872 inter
988 824 1026 873 se
1043 810 1228 891 severunt,

202 919 267 986 alii
284 937 350 1004 pro
368 916 575 986 Milisendis
596 917 750 1002 reginae,
768 917 831 985 alii
854 937 918 1004 pro
940 918 1039 1002 regis
1063 919 1227 1005 partibus

201 1038 354 1101 stantes.
378 1031 529 1100 Comitis
548 1043 695 1100 'causam
712 1037 924 1118 susceperat
939 1032 1081 1117 regina,
1098 1035 1229 1102 absen-

201 1149 322 1234 tique,
353 1146 504 1233 perinde
534 1147 635 1215 acsi
664 1149 743 1232 ejus
778 1147 947 1215 maritum
978 1167 1051 1216 non
1080 1148 1227 1218 insidiis

200 1259 391 1348 petivisset
413 1259 523 1328 immo
548 1278 570 1328 a·
592 1265 704 1328 morte
732 1259 941 1346 eripuisset,
967 1264 1042 1329 toto
1066 1267 1225 1347 pectore,

200 1373 324 1444 animo
340 1379 415 1441 toto
430 1373 658 1458 indulgebat.
674 1373 787 1458 Regis
803 1379 924 1442 autem
940 1374 1063 1442 odium
1080 1382 1226 1444 exsatu-

199 1489 275 1556 rari
303 1507 374 1556 non
401 1492 554 1574 poterat.
582 1491 633 1555 Eo
656 1487 869 1556 acrimoniae
890 1492 1042 1574 utraque
1064 1509 1148 1575 pars
1172 1497 1228 1559 est

199 1621 395 1689 progressa
418 1606 457 1668 ut
477 1602 592 1668 altera
616 1600 768 1696 alterius
793 1600 993 1687 perniciem
1022 1602 1224 1670 moliretur.

197 1717 291 1784 Nam
312 1715 532 1800 quicumque
556 1734 576 1782 a
602 1713 733 1783 comite
764 1714 862 1799 regis
884 1715 1108 1784 voluntatem
1133 1718 1225 1785 aba·

199 1828 341 1898 lienare
364 1827 486 1896 conati
510 1834 614 1896 erant
638 1826 676 1894 in
700 1827 841 1912 reginae
869 1826 992 1895 odium
1016 1828 1226 1897 inciderunt

198 1941 369 2031 pertinax
383 1961 392 2026 ;
419 1940 573 2009 maxime
599 1946 719 2008 antem
743 1941 887 2009 Roardo
911 1941 1048 2010 seniori
1072 1942 1225 2030 nequid

198 2054 269 2124 sibi
291 2053 378 2122 mali
407 2052 596 2122 adveniret
618 2053 686 2121 fnit
709 2053 1041 2145 cavendumpregi
1070 2056 1127 2122 vel
1153 2054 1226 2141 ipsi

197 2167 340 2236 nullum
369 2165 467 2232 inter
497 2164 639 2250 reginae
668 2166 828 2233 fautores
857 2165 1225 2253 consanguineosque

198 2287 315 2350 tutum
344 2279 493 2348 omnino
522 2279 635 2348 fnisse
665 2280 784 2348 locum
808 2280 942 2348 fatetur
964 2279 1105 2367 Tyrius.
1136 2281 1225 2359 Qui-

197 2411 352 2480 cumque
386 2411 472 2459 vero
506 2392 673 2460 faverant
706 2391 831 2460 comiti
864 2395 1095 2460 offenderunt
1130 2395 1224 2480 apud

197 2526 323 2591 regem
346 2507 475 2589 donec,
500 2505 715 2593 quibusdam
739 2506 1065 2592 intercedentibus,
1091 2507 1222 2592 gratiae

196 2619 450 2689 reconciliatio
466 2620 561 2688 faeta
577 2617 684 2688 tuith

241 2739 408 2805 Attamen
426 2735 501 2803 noli
518 2737 668 2804 credere
680 2735 877 2803 Falconem
894 2733 986 2802 nihil
1002 2733 1082 2802 sine
1099 2734 1222 2802 uxoris

197 2868 350 2917 assensu
372 2847 506 2917 abhinc
526 2847 743 2916 instituisse.
768 2851 989 2915 Potestatem
1016 2846 1221 2916 Milisendis

196 2962 398 3050 pleniorem
427 2970 534 3048 atque
562 2961 855 3050 praestantiorem
884 2981 992 3049 quam
1022 2962 1059 3030 in
1086 2983 1124 3032 re
1154 2963 1223 3032 fnit

194 3075 322 3162 Tyrius
349 3074 591 3162 perscribit23
627 3095 646 3142 a
673 3075 779 3162 Tyrio
808 3077 942 3145 tradita
969 3077 1057 3146 dicit
1086 3078 1218 3146 iterum

195 3189 385 3275 Kugler³;
415 3196 450 3257 et
479 3190 572 3258 nibil
606 3196 661 3258 est
690 3192 808 3276 quod,
836 3190 1012 3258 historico
1050 3191 1217 3261 Michaud

194 3303 485 3390 assentientem,
521 3304 672 3373 Fulconi
706 3306 851 3373 landem
888 3305 1054 3374 meritam
1091 3307 1216 3375 detra-

228 3529 254 3584 1.
274 3529 411 3584 uiuere.
428 3530 507 3598 ryr,
523 3531 542 3583 r.
559 3529 631 3599 xiv,
648 3543 674 3584 ο.
691 3529 793 3597 xvur,
809 3545 838 3598 p.
855 3528 916 3584 eae.

227 3666 254 3720 2.
275 3664 319 3720 Ib.
340 3665 358 3719 l.
381 3666 453 3734 XIV,
475 3679 500 3720 o.
522 3665 623 3732 XVIII,
639 3680 669 3732 p.
688 3663 764 3718 633:
784 3683 796 3715 c
814 3665 878 3720 Rex
892 3669 993 3719 autem
1009 3665 1047 3719 ab
1062 3679 1098 3720 ea
1113 3665 1162 3720 die
1177 3665 1218 3719 ita

191 3749 289 3804 factus
310 3753 358 3803 est
377 3749 509 3817 uxoriae,
534 3754 565 3802 ut
587 3749 651 3816 ejus
673 3763 763 3816 quarn
778 3748 862 3817 prius
878 3749 1121 3816 exacerbaverat,
1139 3749 1217 3803 miti-

191 3837 277 3900 garet
301 3833 546 3901 indignationem,
571 3832 650 3900 quod
681 3846 738 3886 nec
762 3833 791 3885 in
815 3832 916 3886 causis
942 3833 1070 3901 levibus,
1100 3833 1216 3901 absque

191 3918 257 3985 ejus
272 3917 456 3972 conscientia
471 3921 633 3972 attentaret
647 3917 836 3986 aliquatenus
852 3919 1028 3985 procedere.
1046 3935 1058 3967 u

225 4045 253 4099 3.
274 4046 393 4114 Kugler‚
411 4045 512 4100 Gcscb.
530 4044 584 4097 der
598 4044 714 4114 Kretea,
730 4059 759 4112 p.
777 4042 837 4097 118.
943 4033 945 4036 ’

226 4175 252 4229 4.
274 4175 421 4244 Michaud,
442 4173 519 4230 Hist.
547 4175 596 4230 des
621 4173 726 4243 Crete,
754 4179 775 4229 t.
805 4174 840 4244 ΙΙ,
871 4189 900 4244 p.
926 4173 978 4228 lle
1002 4191 1008 4230 :
1035 4194 1048 4226 c
1071 4176 1152 4230 Dans
1172 4176 1217 4230 les

191 4260 346 4316 dernieres
369 4261 485 4317 annees
503 4261 541 4318 de
564 4275 598 4316 sa
617 4260 664 4316 vie
683 4260 703 4315 il
723 4259 831 4316 n’avait
849 4261 917 4330 plns
939 4273 1025 4316 assez
1041 4259 1079 4316 de
1093 4259 1175 4316 force
1189 4263 1220 4314 et
