3128 5036
530 567 638 615 cnrur
664 563 852 625 cunarum.
1159 558 1197 623 51

166 719 278 803 ἔχων.
296 747 309 775 l
333 710 460 798 Tyrius
483 716 604 780 autem
630 711 823 800 episcopus
838 714 882 781 de
898 717 1004 800 pacto
1026 707 1106 802 ipso
1122 709 1195 785 nou

167 825 362 915 ambigit:
395 831 580 896 «Certum
612 834 680 914 est,
711 828 842 916 inquit,
868 830 1063 918 praedictos
1087 832 1195 919 prin·
1293 869 1296 872 ·

166 943 268 1031 cipes
284 963 365 1012 oum
382 942 529 1011 domino
547 945 772 1030 Imperatore
795 950 898 1030 pacta
922 943 1107 1013 iniisset»
1134 947 1196 1014 sed

167 1060 429 1143 Imperatorem
452 1054 554 1141 prius
577 1053 850 1123 conditionibus
868 1055 1046 1124 defecisse
1063 1057 1196 1125 obten-

168 1170 222 1238 dit
239 1191 247 1254 ;
266 1169 359 1238 nihil
376 1169 491 1254 igitur
507 1168 637 1236 mirum
655 1168 802 1236 Latinos
819 1167 924 1255 pacto
940 1188 1011 1236 non
1029 1169 1196 1238 stetisse:

170 1309 189 1352 «
219 1288 322 1356 Unde
356 1285 390 1353 ei
425 1292 597 1371 tanquam
630 1290 818 1371 pactorum
851 1282 1020 1351 violatori
1051 1303 1089 1351 so
1125 1303 1197 1352 non

167 1402 287 1470 teneri
304 1405 515 1470 constanter
531 1401 758 1484 asserebant,
777 1399 839 1486 qui
862 1399 1048 1487 praedictis
1065 1399 1197 1468 condi-

167 1520 330 1588 tionihus
356 1518 621 1603 interfuerant3
644 1536 779 1604 eosque
798 1516 860 1603 qui
878 1519 954 1603 jam
975 1517 1047 1586 vita
1064 1519 1195 1586 deces-

168 1639 306 1716 serant,
323 1632 566 1701 nihilominus
583 1632 785 1700 reddebant
807 1637 1010 1714 exousatos
1034 1632 1198 1701 dicentes

167 1769 251 1818 eum
267 1748 369 1836 prius
385 1753 557 1834 tanquam
575 1747 716 1816 varium
738 1753 773 1815 et
789 1747 1056 1816 inconstantem
1073 1749 1196 1817 homi·

168 1883 266 1943 nem,
292 1869 433 1931 etcum
457 1862 511 1930 eis
536 1862 789 1932 fraudulenter
807 1866 1005 1946 versatum,
1024 1862 1198 1930 adversus

169 1995 234 2044 sua
256 1982 360 2063 pacta
383 1974 541 2044 venisse.
569 1977 672 2044 Unde
693 1980 729 2042 et
749 1973 878 2042 merito
901 1975 983 2059 lege
1010 1979 1197 2061 pactorum

169 2107 208 2156 se
226 2089 397 2156 dicebant
414 2088 626 2157 absolutos:
652 2086 818 2173 iniquum
842 2091 897 2154 est
917 2085 1014 2153 enim
1039 2086 1072 2154 ei
1090 2088 1197 2155 fidem

167 2201 322 2287 servari,
340 2202 402 2290 qui
416 2207 542 2270 contra
559 2208 663 2290 pacta
681 2182 811 2270 nititur
823 2201 1036 2270 versarii.»

209 2323 298 2398 Quae
330 2321 546 2402 argumenta
576 2317 667 2386 adeo
699 2337 772 2385 non
801 2320 962 2386 loannes
995 2320 1198 2404 Imperator

166 2435 345 2522 probabat
361 2439 399 2501 ut
415 2433 626 2503 Latinorum
644 2432 850 2521 principum
872 2433 1031 2518 negotiis
1049 2436 1132 2520 jure
1156 2453 1195 2502 se

162 2551 372 2620 immiscere
389 2553 589 2638 appeteret.
608 2553 899 2633 Procuratorem,
918 2568 1024 2635 quem
1041 2548 1194 2616 «ducem

163 2667 397 2736 Antiochiae»
428 2666 615 2753 appellant
636 2667 788 2748 chartae,
814 2665 852 2733 in
875 2665 1039 2752 partibus
1062 2664 1194 2733 Antio-

163 2781 293 2850 chenis
311 2781 490 2864 habehat3
519 2799 625 2867 quem
648 2779 847 2848 Christiani
872 2798 945 2847 nou
967 2778 1194 2848 recusavisse

161 2895 334 2964 videntur
357 2914 438 2963 cum
464 2895 501 2963 in
527 2893 612 2962 illos
635 2893 695 2982 qui
714 2892 956 2981 actapublice
979 2892 1192 2962 subscribe·
1257 2971 1259 2974 ,

163 3010 252 3077 hant
268 3006 531 3095 cooptaverint.
557 3009 651 3074 Duas
667 3005 814 3093 quidem
835 3006 981 3074 chartas
997 3025 1017 3074 a
1034 3006 1193 3074 Fulcone

163 3123 369 3192 Antioohiae
386 3127 554 3191 curatore
571 3121 679 3190 simul
699 3141 740 3190 ao
757 3121 1089 3207 Hierosolymitano
1105 3140 1192 3206 rege

163 3257 259 3306 anno
277 3237 384 3306 1133*
406 3242 442 3306 et
463 3256 559 3305 anno
576 3234 702 3321 11355,
717 3237 807 3304 duas
823 3255 843 3304 a
859 3235 1065 3304 Raimundo
1088 3235 1192 3323 prin-

162 3351 242 3439 cipe
259 3369 356 3419 anno
370 3347 495 3435 llttif‘,
512 3348 622 3417 aliam
641 3350 685 3417 ab
704 3349 830 3418 eodem
850 3345 1068 3416 anu01149⁷
1087 3348 1189 3415 datas

196 3550 223 3606 1,
244 3551 329 3605 Anna
345 3549 506 3617 comnena,
522 3548 541 3602 l.
558 3547 608 3616 Xl,
625 3561 654 3616 p.
671 3545 716 3600 88.

195 3648 222 3704 2.
243 3648 381 3704 Willelm.
398 3648 476 3718 Tyn,
492 3647 511 3702 l.
528 3646 600 3715 XIV,
617 3659 643 3701 o.
659 3645 756 3714 XXIV,
773 3658 802 3713 p.
819 3641 881 3696 611.

196 3746 224 3801 3.
246 3745 289 3801 16.
306 3760 335 3814 p.
351 3743 413 3799 ela.

196 3843 223 3898 4.
245 3841 327 3899 Cart.
353 3841 383 3898 S.
410 3841 489 3914 Sep,
505 3854 540 3897 n⁰
554 3841 599 3912 85,
615 3857 644 3912 p.
661 3840 715 3896 166
732 3857 738 3896 ;
758 3860 768 3891 ι
786 3841 896 3910 Leone,
911 3839 998 3910 duce,
1016 3837 1153 3907 Meopoli.
1175 3855 1188 3890 r

196 3941 223 3997 5.
244 3940 287 3996 Ib.
305 3952 340 3996 n⁰
353 3940 398 4010 86,
415 3957 444 4010 p.
461 3939 513 3995 167
530 3957 536 3996 :
556 3960 568 3992 «
588 3941 648 3996 Leo
665 3941 735 3996 dux.
758 3958 771 3990 t

195 4039 222 4095 6.
243 4038 287 4094 lo.
311 4050 345 4094 n⁰
364 4037 409 4108 88,
433 4054 462 4107 p.
486 4037 534 4092 171
555 4054 561 4093 :
587 4039 679 4094 «Leo
701 4037 877 4106 Maiopolus,
899 4036 960 4090 dux
980 4034 1137 4090 Antiochie
1157 4052 1169 4085 »
1181 4049 1189 4102 ;

160 4136 195 4180 n⁰
209 4123 254 4194 89,
271 4139 301 4193 p.
318 4123 370 4178 177
388 4139 393 4177 :
413 4142 425 4175 «
442 4124 502 4178 Leo
517 4124 691 4192 malepotus,
708 4123 770 4177 dux
783 4121 948 4176 Antiochia.
962 4138 974 4170 a
992 4150 1026 4160 -
1037 4119 1078 4174 Gt.
1094 4119 1190 4175 Talei-

160 4211 301 4279 ThomaS,
314 4209 422 4264 Fontes
435 4207 549 4262 Rerum
557 4206 797 4277 Amtriacorum,
810 4211 830 4262 t.
843 4206 879 4276 ll,
892 4220 943 4274 pp.
957 4203 1016 4275 102,
1029 4202 1090 4275 103,
1100 4214 1134 4258 n⁰
1144 4203 1188 4259 46.

198 4307 225 4365 7.
247 4307 315 4364 Cod.
333 4305 428 4382 Dipt,
446 4311 466 4363 t.
483 4306 506 4378 I,
524 4317 557 4361 n⁰
572 4305 616 4376 25,
628 4321 678 4378 pp.
694 4304 739 4376 86,
753 4303 811 4360 28:
831 4323 842 4354 r
859 4304 918 4360 Leo
933 4302 1069 4374 Majopoli
1084 4303 1156 4358 dux.
1176 4322 1187 4352 ι
