3128 5036
374 537 414 602 30
702 553 746 601 nn
767 553 933 600 FULCONIS
953 553 1078 600 anone.

376 699 523 788 scripsit
560 696 716 781 abbes¹‚
750 698 981 767 Milisendem
1015 705 1166 767 testatus
1198 705 1253 767 est
1282 719 1361 768 non
1392 719 1414 766 a

316 905 319 912 Ι
377 813 663 901 reprehensione
700 812 873 881 abfuisse.
914 814 953 880 Id
990 812 1136 899 quidem
1177 813 1414 899 principibus

375 935 494 1015 turpe,
513 908 666 1014 quorum
691 926 859 1011 vestigiis
884 945 961 994 mos
989 934 1044 996 est
1068 927 1239 996 insistere
1265 928 1413 996 aulicos

318 1087 320 1090 -
376 1050 413 1112 et
428 1043 630 1110 aulicorum
647 1046 789 1109 ceteros
810 1042 1010 1126 subjectos:
1030 1041 1272 1111 Lasciviorem
1290 1041 1414 1127 igitur

376 1159 489 1227 fuisse
509 1158 670 1242 regalem
687 1158 833 1224 domum
849 1156 949 1224 dicas
966 1155 1147 1243 oportetl.

418 1271 504 1340 Noli
530 1279 650 1338 tamen
680 1274 808 1355 putare
837 1259 1267 1356 Milisendem'regisque
1297 1268 1414 1337 fami-

377 1387 488 1454 liares
504 1383 596 1452 nihil
613 1383 651 1450 in
670 1402 784 1468 regno
798 1386 960 1451 curando
976 1384 1148 1454 valuisse.
1163 1389 1315 1453 Peccata
1333 1405 1411 1454 non

375 1505 519 1583 tacere,
550 1517 675 1564 verum
706 1498 801 1566 bona
831 1497 955 1565 dicere
984 1497 1100 1566 decet.
1132 1500 1312 1584 Reginam
1345 1519 1412 1568 rex

377 1611 490 1698 quieti
512 1630 711 1697 pauperum
734 1631 877 1680 necnon
899 1612 1116 1681 miserorum
1134 1614 1328 1701 providens
1346 1634 1412 1682 so-

377 1724 470 1792 ciam
489 1723 730 1810 comitemque
751 1723 891 1792 habuit.
915 1727 996 1794 Non
1021 1728 1126 1795 modo
1143 1727 1315 1796 Falconis
1343 1729 1410 1795 sed

377 1837 583 1908 Milisendis
620 1837 730 1905 etiam
765 1838 954 1924 precibus,
982 1839 1151 1925 Caecilia,
1180 1840 1411 1928 Tripolitana

378 1953 577 2032 eomitissa,
604 1954 856 2038 eleemosynas
879 1973 959 2022 cum
988 1956 1108 2031 lacere
1134 1957 1260 2024 statuit
1283 1957 1408 2040 utiles,

381 2065 531 2135 cessiti.
553 2065 655 2133 Favit
678 2065 884 2135 Milisendis
915 2067 1144 2137 misericordi
1173 2068 1211 2136 in
1241 2071 1410 2156 leprosos

380 2181 483 2267 regi,
515 2180 726 2248 misericors
760 2186 796 2247 et
834 2179 953 2268 ipset.
994 2185 1210 2250 Innumeros
1246 2201 1336 2269 quos
1373 2183 1409 2250 ei

379 2376 458 2445 quod
474 2376 512 2429 de
526 2373 611 2429 vobis
626 2375 765 2442 perhibet
779 2377 957 2432 carissimus
972 2363 1139 2432 avunculus
1155 2392 1242 2432 meus
1258 2378 1407 2447 Andreae,

378 2459 426 2514 cui
451 2459 575 2512 multum
599 2459 761 2526 credimuS,
785 2463 816 2513 et
837 2459 894 2526 hic,
912 2465 942 2515 et
958 2461 985 2514 in
1001 2465 1147 2516 aeternum
1164 2461 1228 2515 Deo
1243 2462 1409 2516 miserante

378 2541 552 2609 regnabitis.
586 2560 596 2589 t
634 2541 710 2595 item
747 2547 816 2610 post
846 2544 1006 2598 Fulconem
1041 2543 1215 2599 defunctum
1243 2545 1338 2598 abhas
1370 2546 1408 2600 ed

377 2626 498 2680 viduam
513 2625 580 2678 haec
595 2625 725 2693 scripsit,
742 2626 797 2680 col.
818 2625 881 2696 278,
903 2628 950 2696 ep.
974 2627 1165 2697 CCLXXXIX,
1186 2617 1382 2682 annemundi
1399 2645 1406 2682 :

382 2730 392 2760 t
419 2710 603 2778 Audivimus,
633 2711 738 2779 fateor,
767 2713 870 2767 nescio
897 2728 965 2782 quae
988 2715 1110 2768 sinistra
1136 2728 1142 2766 1
1173 2728 1242 2782 quae
1266 2713 1322 2767 etsi
1347 2728 1408 2767 non

379 2808 434 2862 pro
458 2797 541 2848 certo
566 2792 759 2863 credidimus,
783 2797 933 2852 doluimus
964 2803 1066 2852 tamen
1090 2799 1153 2853 sive
1176 2799 1312 2867 veritate,
1343 2797 1409 2851 sive

378 2878 536 2934 mendacio
575 2883 658 2933 tuam
696 2880 885 2948 aliquetenus
914 2883 1079 2938 decolorari
1115 2883 1298 2951 opinionem.
1329 2883 1409 2936 Sane

379 2963 540 3018 intervenit
563 2963 697 3018 Andreas
717 2965 891 3021 carissimus
910 2969 1074 3022 avunculus
1098 2981 1194 3034 meuS,
1218 2966 1265 3021 cui
1282 2967 1312 3019 in
1327 2967 1407 3020 nullo

380 3048 544 3102 decredere
559 3061 732 3117 possumne,
749 3049 860 3119 scripto
877 3066 932 3106 suo
949 3052 1035 3106 nobis
1053 3051 1228 3120 signifieans
1244 3051 1375 3104 meliora.
1392 3068 1404 3100 u

415 3167 441 3221 t.
461 3166 505 3221 lb.
529 3171 550 3221 t.
576 3168 598 3236 Ι,
620 3168 675 3222 col.
707 3168 769 3238 277,
800 3171 888 3239 epist.
918 3171 1137 3239 GCLXXXVIII,
1166 3184 1245 3225 enno
1273 3182 1373 3224 mcum
1399 3185 1405 3222 :

381 3274 394 3305 «
415 3253 539 3322 Reginae
556 3254 674 3323 scripsi,
695 3255 772 3309 sicut
791 3257 919 3326 voluisti,
941 3261 971 3311 et
989 3257 1107 3324 gaudeo
1123 3256 1255 3311 debono
1275 3254 1408 3309 testimo-

379 3340 428 3395 nio
444 3339 523 3410 quod
540 3339 567 3394 ei
582 3339 735 3407 perhibes.
754 3360 765 3390 l

315 3478 316 3482 =
415 3447 441 3503 2.
463 3448 552 3502 Prntz
580 3446 799 3516 (Kolturpescb.
819 3447 873 3500 der
891 3447 1008 3517 Krene,
1025 3449 1043 3502 l.
1061 3448 1098 3517 11,
1115 3462 1165 3516 pp.
1187 3445 1317 3533 rustall
1338 3445 1408 3502 des-

380 3533 467 3587 cribit
481 3533 634 3588 lasciviam
650 3531 884 3587 Christianorum
901 3533 930 3587 in
947 3533 1076 3588 Orientis
1086 3532 1223 3602 partibus
1233 3532 1406 3588 viventium.

416 3657 443 3712 3.
465 3655 547 3710 Cart.
564 3654 595 3710 S.
612 3654 691 3726 Sep,
711 3666 745 3709 n⁰
764 3655 809 3725 98,
827 3672 856 3726 p.
877 3656 938 3712 183.
961 3657 1118 3712 concessit
1138 3657 1284 3712 Caecilia«
1305 3661 1409 3724 rogata

298 3785 301 3791 .
379 3756 397 3796 a
418 3755 490 3809 rege
514 3741 778 3796 iherosolimorum
802 3743 932 3796 Fulcone
954 3746 984 3796 et
1004 3756 1022 3796 a
1040 3742 1144 3809 regina
1166 3742 1324 3796 Milisende
1346 3761 1356 3791 i
1375 3745 1408 3795 ut

379 3830 554 3895 coquerent,
572 3827 753 3894 quicumque
768 3827 888 3896 vellent,
905 3826 934 3879 in
950 3826 1036 3880 forno
1051 3840 1141 3894 quem
1156 3825 1293 3880 canonici
1308 3825 1409 3879 Sancti

380 3911 514 3979 Sepulcri
529 3911 609 3979 apud
624 3911 756 3964 Mentem
772 3911 967 3978 Peregrinum
982 3909 1144 3964 habebant.

414 4035 441 4088 4.
463 4034 605 4102 (librario,
622 4032 679 4088 Det
706 4031 853 4104 Tempiert‘
877 4049 891 4085 e
917 4033 998 4085 dello
1020 4031 1182 4086 aboliciolce
1201 4031 1282 4102 depll
1306 4031 1409 4085 ordini

380 4117 509 4188 equestri
532 4117 564 4172 di
588 4117 619 4173 S.
644 4116 783 4185 Lozzoro,
804 4115 836 4169 dt
858 4115 889 4171 S.
914 4113 1095 4170 Mourisios
1119 4115 1189 4170 dell'
1214 4114 1409 4169 Annunzioto

381 4203 484 4274 (1868),
507 4204 759 4272 Firenze-TorinO,
783 4216 813 4270 p.
839 4200 901 4272 223,
917 4216 965 4270 ap.
990 4201 1144 4272 Rdhricht,
1162 4201 1289 4270 Repesta
1311 4199 1409 4271 Requi

380 4287 649 4364 Hierosolymitoni
664 4287 767 4360 (1893),
783 4302 813 4359 p.
829 4286 873 4343 57.
