3128 5036
524 524 632 575 aanor
660 523 852 576 snouunon.
1163 511 1203 578 93

169 671 262 742 toris
273 691 406 740 nomen
422 669 597 739 sustinuit
605 671 773 738 Galterus
786 669 934 757 quidam
945 671 1198 757 Caesariensis,

170 806 278 875 quem
318 785 485 872 Hugonis
519 784 729 871 privignum
765 803 845 851 esse
882 785 988 852 docet
1022 784 1198 871 Tyrius13

168 900 279 968 Curia
301 918 401 984 vero,
424 897 644 967 Caesariensi
665 897 802 982 audito,
820 897 1003 982 comitem,
1022 898 1118 985 quod
1140 899 1200 968 hic

168 1035 251 1084 cum
281 1019 493 1083 accusatore
522 1014 659 1080 serrum
688 1014 856 1080 conferre
883 1012 1074 1098 noluisset,
1105 1032 1198 1080 con-

167 1127 364 1196 demnavit.
381 1129 470 1210 Rex,
488 1125 575 1193 licet
590 1126 634 1193 ad
658 1145 740 1193 eum
758 1125 959 1212 pertineret
982 1144 1083 1192 reum
1104 1144 1197 1194 con·

168 1238 347 1322 demnari,
371 1237 428 1305 liti
454 1256 573 1323 neque
596 1236 717 1304 acrius
738 1256 856 1323 neque
879 1235 1064 1322 potentius
1090 1256 1198 1323 quam

167 1350 280 1420 ceteri
300 1349 446 1435 judices
469 1368 507 1416 se
531 1347 775 1416 immiscuisse
796 1348 951 1416 videtur.
970 1348 1093 1416 Credit
1109 1351 1196 1435 qui-

165 1466 249 1532 dem
277 1463 405 1548 Tyrius
426 1463 612 1530 Gallorum
638 1480 657 1528 a
688 1480 775 1546 rege
801 1463 1059 1546 subornatum;
1092 1463 1194 1531 nibi-

165 1577 326 1646 lominus
348 1575 569 1644 sententiam
586 1576 630 1643 ab
655 1574 836 1642 universis
852 1577 1065 1662 proceribus
1086 1596 1158 1644 non
1176 1595 1196 1644 a

164 1709 253 1774 rege
270 1689 404 1756 dictam
421 1687 545 1754 refert.
564 1689 639 1754 Hoc
656 1688 761 1754 modo
778 1689 883 1772 Hugo
897 1695 933 1755 et
948 1692 1134 1758 Romanus
1150 1694 1194 1759 de
1299 1757 1300 1760 ,

163 1803 278 1872 Podio
305 1804 455 1870 fuerunt
481 1802 525 1868 de
548 1807 643 1868 terra
673 1792 709 1868 et
732 1803 871 1870 honore
894 1804 1068 1889 dejecti2.
1094 1806 1193 1873 Adeo

163 1938 237 1987 non
264 1919 375 1986 Fulco
398 1935 560 1984 summus
580 1917 695 2000 judex
719 1922 798 1984 erat
821 1923 871 2002 ut,
898 1925 979 2004 post
1000 1921 1192 2004 Hugonem

163 2032 345 2101 malitiose
361 2031 605 2113 vulneratum,
622 2029 767 2097 Curiam
784 2031 863 2098 sine
886 2032 960 2098 ulla
981 2051 1082 2100 mora
1102 2052 1194 2100 con-

160 2154 322 2232 vocaret,
348 2165 421 2213 non
452 2145 570 2212 solum
597 2143 643 2211 ad
668 2144 841 2212 sicarium
871 2145 1096 2233 puniendum
1127 2150 1191 2216 sed

161 2263 332 2332 etiamad
354 2281 392 2330 se
410 2259 615 2328 manifestis
633 2260 781 2328 indiciis
798 2262 1031 2330 innocentem
1048 2264 1190 2332 consti-

161 2380 349 2446 tuendum.
377 2377 468 2454 Quid
493 2375 615 2444 enimi
640 2379 730 2442 Dum
745 2379 851 2461 Hugo
867 2377 1097 2445 Hierusalem
1114 2396 1193 2444 mo-

161 2513 239 2562 ram
269 2494 444 2577 faciebat,
474 2493 667 2560 transitum
697 2498 932 2578 exspectans,
965 2512 985 2560 a
1016 2493 1191 2560 Britanno

161 2608 277 2676 milite
296 2609 451 2695 quodam
476 2606 545 2673 suit
560 2607 698 2693 perfide
716 2605 851 2692 petitus
868 2612 903 2673 et
920 2607 1043 2676 multis
1059 2607 1191 2675 vulne-

162 2724 263 2792 ribus
288 2724 452 2790 affectus.
479 2722 632 2790 Militem
658 2741 733 2806 rex,
758 2740 840 2788 cum
865 2723 1046 2805 horreret,
1069 2722 1107 2788 in
1128 2725 1191 2807 jus

161 2838 375 2925 optimatum
402 2837 541 2904 traxit:
570 2858 588 2900 «
615 2838 820 2904 Convocata
849 2834 965 2920 igitur
993 2834 1114 2920 Curia,
1145 2837 1189 2902 de

160 2953 344 3022 communi
373 2971 573 3036 consensu,
604 2951 801 3038 praedictus
831 2950 1003 3034 sicarius,
1036 2951 1188 3019 mutila·

160 3067 272 3136 tionis
310 3068 554 3135 membrorum
591 3065 779 3152 Judicatur
815 3065 938 3134 subire
976 3051 1187 3134 discrimen.

159 3183 261 3260 Quod
289 3187 481 3268 postquam
512 3181 590 3266 regi
621 3180 842 3247 nuntiatium
873 3186 949 3265 cst,
981 3180 1189 3247 executioni

160 3291 331 3380 praecipit
355 3292 521 3360 mandari
544 3289 838 3360 sententiam3.»
866 3291 930 3360 His
952 3291 1074 3360 verbis
1091 3290 1188 3377 Tyrii

196 3566 222 3620 l.
243 3567 380 3622 willelm.
397 3567 463 3636 Tyr,
479 3568 498 3620 l.
515 3567 587 3636 xiv,
604 3581 630 3622 e.
646 3567 719 3637 xur,
735 3581 764 3636 p.
781 3566 846 3622 ene.

196 3697 223 3751 2.
245 3697 381 3752 Willelm.
398 3697 476 3766 Tyr,
493 3697 512 3752 l.
532 3697 589 3766 XV,
606 3711 632 3752 c.
652 3696 724 3766 XXI,
746 3712 776 3765 p.
797 3695 850 3750 692
871 3712 877 3751 :
902 3715 914 3748 u
935 3696 1061 3761 Quidam
1082 3696 1189 3752 nobilis

160 3784 261 3852 hom0,
283 3783 422 3850 paganus
442 3782 622 3852 nomine,...
653 3782 757 3836 habuit
781 3786 892 3836 terram
913 3786 996 3835 trans
1016 3781 1187 3849 Jordanern,

158 3873 321 3937 postquam
335 3869 488 3922 Romanus
504 3868 542 3921 de
557 3867 648 3922 Podio
671 3872 702 3921 et
725 3867 803 3920 lilius
819 3867 883 3934 eius
901 3867 1055 3936 lladulqu,
1073 3868 1188 3921 meritis

159 3953 224 4008 suis
239 3953 438 4022 exigentibus
456 3952 494 4006 ab
510 3967 546 4006 ea
561 3952 631 4006 facti
647 3957 720 4006 sunt
734 3951 903 4005 exheredes
920 3955 951 4005 et
965 3952 1062 4005 alieni.
1086 3971 1097 4001 r
1114 3951 1188 4007 Vide

158 4039 204 4092 Du
220 4038 330 4106 Gange,
347 4036 433 4090 Foru,
451 4035 664 4106 d’Outrc-Mcr,
681 4050 732 4105 pp.
748 4035 810 4105 401,
827 4034 888 4089 402.

194 4173 222 4229 3.
242 4175 380 4230 Willelm.
392 4175 471 4244 Tyr,
484 4175 502 4228 l.
516 4173 587 4244 XIV,
600 4189 626 4228 c.
638 4173 739 4243 XVlll,
752 4187 803 4242 pp.
816 4170 878 4242 631,
889 4170 952 4226 632,
965 4201 997 4211 -
1009 4172 1052 4226 De
1062 4175 1187 4226 conten·

158 4260 242 4314 tione
263 4259 340 4313 inter
357 4259 515 4326 llugonem
530 4263 560 4312 et
575 4273 675 4326 regem
692 4263 756 4312 orta
771 4257 840 4312 vide
858 4271 864 4310 :
881 4255 1028 4327 Michaud,
1044 4254 1122 4310 Hist.
1139 4255 1188 4308 dos
