3128 5036
359 550 399 616 22
685 566 729 613 os
751 566 914 613 succuum
935 565 1058 613 aucun.

361 714 564 778 rumtamen
588 709 784 777 Fulconem
808 728 851 776 ea
880 713 1020 776 tantum
1051 714 1170 776 mente
1194 709 1389 792 elegerunt

361 827 399 889 ut
427 821 544 889 virum
573 821 628 889 illi
659 821 818 905 mulieri,
849 840 931 908 quae
961 840 981 888 a
1011 825 1113 907 patre
1145 820 1385 888 hereditatem

359 935 545 1022 capiebat,
576 937 717 1004 darent.
755 939 924 1021 Regnum
952 935 1067 1020 igitur
1099 936 1247 1004 tenebat
1275 936 1386 1003 Fulco

359 1050 479 1117 minus
503 1050 728 1135 magnatium
751 1050 927 1136 suffragio
946 1069 1053 1137 quam
1072 1050 1194 1118 uxoris
1210 1069 1384 1134 munerc;

357 1169 414 1234 vel
432 1185 474 1234 ea
490 1169 579 1234 tides
596 1167 643 1234 sit
655 1168 749 1254 quod
764 1168 902 1235 nullam
921 1169 1098 1248 chartam,
1111 1165 1183 1234 uisi
1200 1171 1385 1233 annuente

358 1281 486 1366 regina
502 1282 710 1368 Milisende,
729 1281 960 1351 subscribere
977 1280 1134 1368 potuit1.
1194 1329 1211 1358 .

402 1531 509 1595 11.-
529 1529 606 1594 Rex
629 1528 797 1611 effectus,
820 1528 930 1594 Fulco
962 1546 1005 1595 ea
1028 1527 1247 1595 necessitate
1270 1546 1384 1595 cons-

358 1639 487 1709 trictus
502 1646 557 1708 cst
573 1647 611 1708 ut
628 1640 731 1725 regni
744 1640 1030 1708 consuetudines
1046 1647 1209 1709 servaret
1225 1646 1260 1709 et
1276 1639 1386 1708 insti-

357 1756 446 1820 tuta.
472 1754 552 1820 Nou
576 1752 711 1820 licebat
735 1772 817 1820 eum
848 1772 1003 1838 regnare
1034 1772 1134 1821 more
1160 1756 1383 1820 Francorum

357 1888 485 1953 regum
505 1868 567 1954 qui
585 1871 648 1954 Jus
671 1870 897 1937 vassalorum
923 1869 1041 1955 magis
1057 1874 1093 1937 et
1110 1869 1227 1954 magis
1245 1870 1383 1956 praeci-

356 1981 505 2066 piebant
520 1983 583 2049 sed
602 1982 814 2050 Gothoiredi
831 1983 888 2050 vel
905 1971 1076 2049 Balduini
1092 2001 1192 2049 more
1210 1981 1271 2069 qui
1288 1982 1385 2070 opti-

355 2103 491 2165 matum
507 2097 702 2184 privilegia
719 2117 904 2184 nunquam
921 2097 1194 2165 imminuerant.

399 2215 618 2298 Conventus,
636 2233 742 2301 quem
759 2216 897 2301 Corpus
920 2217 1056 2299 Legum
1078 2213 1385 2300 Hierosolymita-

356 2346 485 2394 norum
504 2329 652 2396 Curiam
667 2328 885 2412 superiorem
897 2328 1068 2414 appellat,
1084 2347 1203 2395 rerum
1216 2327 1382 2412 regimen

236 2511 244 2526 .
355 2461 535 2508 summum
556 2443 715 2524 tenebat,
733 2461 814 2508 cum
839 2443 917 2526 ejus
934 2440 1086 2510 arbitrio
1102 2441 1223 2508 omnia
1240 2442 1381 2526 guber-

356 2564 542 2622 narentur.
579 2559 665 2625 Haec
695 2559 771 2642 jam
809 2576 829 2625 a
865 2557 972 2626 nobis
1006 2558 1098 2626 alias
1134 2557 1382 2624 demonstrata

354 2667 494 2735 suerei.
514 2671 582 2738 Sed
599 2677 733 2756 quanta
750 2671 965 2738 auctoritate
982 2671 1046 2739 ille
1063 2677 1264 2738 conventus
1280 2690 1379 2756 prae·

353 2781 510 2850 valuerit
536 2803 633 2850 nunc
663 2783 851 2869 intelliges
879 2785 909 2852 si
942 2785 1048 2871 quid,
1080 2789 1259 2868 regnante
1290 2785 1379 2851 Ful·
1463 2875 1464 2878 Ἴ

353 2912 457 2980 cone,
475 2895 594 2980 egerit
609 2896 912 2964 consideraveris.

397 3011 446 3076 De
462 3010 563 3077 nulla
580 3028 618 3076 re
636 3028 742 3096 quam
764 3028 836 3076 nou
854 3008 955 3096 prius
971 3011 1015 3077 ad
1032 3009 1175 3077 Curiam
1193 3007 1381 3075 retulisset

352 3141 416 3190 rex
431 3122 568 3190 statuit.
593 3126 790 3190 Procerum
807 3123 904 3190 enim
921 3122 1115 3191 sententiis
1128 3122 1268 3190 dedidit
1285 3140 1378 3188 eon-

346 3237 544 3324 jnrationis
562 3238 689 3307 noxios
704 3238 836 3306 nedum
853 3239 931 3326 ipse
947 3259 1050 3306 suam
1067 3239 1116 3325 inj
1126 3239 1240 3305 uriam
1257 3237 1380 3304 vindi-

350 3353 1376 3441 caret.Hug0,comesJ0ppensis‚etRomanusdePodi0‚

349 3465 450 3534 illius
473 3487 555 3552 quae
581 3475 636 3536 est
660 3474 761 3536 trans
787 3470 982 3536 Jordanem
1007 3467 1171 3553 regionis
1194 3467 1377 3551 dominus,

349 3587 539 3667 postquam
556 3583 599 3649 de
623 3581 878 3650 interficiendo
901 3584 1060 3650 Fulcone
1077 3584 1377 3668 conjuraverunt,

300 3781 302 3785 Ι
349 3695 393 3762 ad
403 3695 583 3780 judicium
600 3696 731 3781 Curiae,
749 3715 822 3764 non
839 3696 951 3781 regis,
969 3704 1054 3764 sunt
1068 3696 1200 3765 vocati.
1219 3699 1379 3764 Accusa-

381 3985 502 4125 lissglide
517 3987 595 4127 Higt.
611 3988 660 4042 des
675 3987 750 4045 Iost.
769 3989 848 4045 More.
870 3990 945 4044 duos
961 3991 986 4044 le
1001 4006 1064 4061 roy.
1083 3991 1135 4046 lut.
1152 3991 1187 4044 de
1202 3990 1275 4061 Jdr„
1293 4005 1318 4046 c.
1339 3992 1375 4062 ΙΙ,

345 4086 375 4140 p.
461 4075 491 4126 et
505 4087 534 4128 n.
576 4115 581 4128 .

383 4208 409 4265 2.
430 4207 510 4264 Hist.
537 4211 586 4264 des
609 4209 684 4267 lost.
707 4210 786 4267 Mon.
813 4211 888 4266 daos
915 4211 941 4265 le
965 4228 1028 4284 roy.
1055 4213 1108 4268 lot.
1135 4211 1170 4266 de
1194 4211 1267 4284 Jer„
1289 4226 1315 4267 e.
1339 4212 1376 4280 II,

352 4308 404 4365 pp.
420 4293 474 4350 luo
488 4299 518 4351 et
533 4310 579 4366 sq.
1198 4329 1200 4334 ,
