3128 5036
353 545 394 606 20
681 557 725 604 ns
746 555 908 603 suncoms
929 557 1052 604 suono.

355 706 565 787 Fulconem,
585 723 657 776 non
680 701 844 790 quemvis
867 722 994 787 unum,
1010 704 1055 773 ad
1070 721 1225 788 regnum
1246 702 1383 770 invita-

354 825 448 887 rent.
465 819 613 906 Aliquot
631 823 752 886 autem
768 823 936 886 auctores
952 818 1078 886 dicunt
1093 819 1289 886 Fulconem
1307 838 1382 886 non

354 951 374 999 a
397 931 576 999 Balduino
601 932 664 999 sed
690 950 710 998 a
733 929 886 1014 nuntiis,
912 935 1103 1016 postquam
1127 930 1318 999 Franciam
1342 931 1383 998 hi

354 1048 546 1133 attigerint
565 1054 601 1116 et
626 1046 828 1115 Ludovicus
848 1046 956 1115 simul
981 1052 1089 1133 atque
1107 1046 1270 1134 episcopi
1291 1066 1382 1133 pro-

300 1205 309 1218 ·
355 1179 531 1247 ceresque
549 1159 787 1243 assenserint,
803 1178 875 1227 non
893 1160 998 1227 modo
1010 1163 1254 1245 pertentatum
1268 1159 1383 1228 fuisse

354 1275 417 1341 sed
436 1278 472 1339 et
487 1273 643 1340 electum
654 1269 683 1340 ¹.

398 1387 565 1454 Profecto
604 1385 774 1454 comitem
811 1386 963 1454 decebat
1001 1405 1151 1472 poscere
1194 1385 1382 1454 licentiam

355 1503 465 1571 eundi
495 1522 515 1570 a
544 1505 766 1570 Francorum
798 1522 884 1588 rege
912 1509 948 1570 et
976 1503 1021 1570 ab
1051 1502 1261 1571 hominibus
1291 1503 1383 1586 suis,

354 1636 435 1684 cum
454 1617 518 1684 ille
534 1617 571 1683 in
590 1618 759 1685 universo
776 1636 891 1702 regno
908 1617 1077 1686 dominus
1093 1627 1265 1701 exstaret,
1283 1618 1322 1686 hi
1339 1619 1384 1686 de

354 1729 610 1814 Andegavensi
638 1729 810 1798 comitatu
835 1729 1055 1798 stabiliendo
1080 1731 1303 1800 laborarent.
1329 1731 1384 1798 Ne

355 1844 437 1911 ideo
468 1851 589 1912 tamen
619 1849 759 1912 certum
790 1850 894 1930 putes
923 1845 1120 1912 Fulconem
1151 1864 1170 1912 a
1200 1843 1383 1912 Ludovico

357 1981 438 2030 esse
460 1962 705 2048 designatum.
728 1963 908 2031 Balduino
930 1962 1219 2050 acceptissimus
1244 1968 1283 2030 ut
1304 1982 1385 2030 mea

357 2077 427 2144 lert
443 2075 580 2162 opinio,
598 2077 709 2144 Fulco
725 2082 816 2160 erat,
834 2096 916 2145 cum
936 2077 975 2144 in
995 2096 1110 2162 regno
1127 2076 1295 2144 Franciae
1311 2095 1387 2143 non

358 2197 476 2263 solum
491 2214 557 2281 per
576 2214 615 2262 se
639 2195 717 2280 ipse
732 2195 873 2261 valeret
892 2193 1095 2277 sedetiam,
1113 2192 1190 2260 filio
1206 2193 1388 2261 collocata

357 2309 504 2396 Anglici
529 2309 627 2394 regis
650 2309 921 2395 filia-potentia
947 2311 1027 2394 ejus
1049 2310 1270 2376 firmaretur.
1295 2307 1387 2375 Mihi

358 2426 397 2494 in
425 2426 650 2512 opinionem,
680 2425 845 2512 quamvis
872 2426 916 2492 de
945 2423 1004 2492 his
1032 2429 1178 2492 taceant
1204 2427 1385 2506 auctores

358 2543 460 2611 venit
477 2542 696 2610 Balduinum
712 2543 781 2609 hoc
797 2541 1002 2628 speravisse
1019 2547 1058 2608 ut
1068 2544 1197 2625 gentes
1214 2539 1389 2608 occiden-

360 2656 453 2723 tales
476 2656 520 2721 ad
537 2654 729 2722 christiani
749 2653 853 2738 regni
871 2653 1033 2720 rationes
1049 2651 1273 2735 adstrictius,
1291 2670 1390 2737 prae-

319 2829 324 2839 .
361 2769 459 2836 dicto
474 2769 553 2835 viro
568 2775 709 2852 vocato,
726 2769 956 2853 adjungeret.

408 2881 554 2966 Legatis
579 2901 746 2950 annuens
775 2900 897 2949 comes
925 2880 1093 2948 Goslrido
1124 2898 1190 2947 suo
1213 2880 1390 2946 honorem

364 2995 553 3082 reliquiti,
571 2997 800 3065 Hierusalem
824 2996 961 3080 iturus3
984 2998 1046 3064 sed
1072 2997 1150 3080 Jam
1178 3014 1283 3081 papse
1309 2996 1388 3061 Ho-

363 3109 460 3176 norii
491 3109 534 3176 ΙΙἰ
564 3108 733 3176 laudibus
764 3107 882 3193 quod,
915 3107 1115 3194 postposito
1144 3108 1322 3175 baronum
1354 3111 1391 3173 et

365 3225 489 3311 populi
513 3224 689 3308 dominiO,
713 3224 851 3292 servire
877 3227 949 3292 Deo
979 3224 1214 3307 decrevisset,
1241 3229 1391 3291 ornatus

366 3337 523 3406 fuerat³.
554 3337 645 3405 Mari
669 3336 836 3420 transito,
862 3336 1047 3404 Milisendi
1073 3335 1305 3404 matrimonio
1336 3341 1393 3402 est

402 3545 428 3599 l.
451 3545 521 3600 Chr.
546 3545 580 3598 de
605 3544 683 3599 Gest.
710 3543 794 3599 Cous.
818 3545 933 3614 Audep.
959 3543 1042 3612 (Chr.
1070 3542 1179 3611 u’Anj,
1204 3558 1234 3611 p.
1259 3541 1333 3602 152).
1360 3571 1392 3581 -

365 3631 497 3685 loannes
518 3631 691 3699 Monachus,
714 3629 850 3683 Historia
872 3629 1020 3698 Guufredi
1038 3628 1094 3697 (Io.
1119 3644 1148 3697 p.
1172 3627 1245 3696 238).
1263 3659 1295 3667 —
1312 3627 1392 3682 Gest.

365 3703 484 3768 Aut'buz.
501 3713 586 3768 Dum.
603 3712 670 3783 (Io,
688 3729 717 3782 p.
734 3713 809 3783 205).

402 3833 428 3888 2.
450 3833 526 3889 Hist.
545 3834 651 3888 Comit.
667 3834 781 3903 Aradep.
799 3837 919 3888 auctoru
936 3833 1047 3886 Thomu
1062 3831 1166 3886 Puctio
1180 3831 1262 3900 (Chr.
1280 3830 1393 3901 u’Auj,

366 3934 396 3986 p,
411 3917 486 3985 336).
499 3947 532 3956 -
544 3917 614 3972 Chr.
631 3917 662 3971 S.
677 3917 741 3971 Alb.
754 3918 868 3986 Audep.
882 3916 964 3986 (Chr.
980 3916 1029 3969 des
1042 3914 1109 3984 Epi.
1125 3914 1236 3984 ctam,
1249 3930 1278 3983 p.
1290 3913 1346 3982 33).
1359 3944 1394 3954 —

368 4003 438 4057 Chr.
455 4001 485 4056 S.
499 4001 582 4072 Serp.
593 4001 707 4071 Auolep.
720 4001 774 4069 (lb.
788 4018 818 4070 p.
829 4001 902 4066 144).
916 4032 949 4040 -
963 4001 1033 4055 Chr.
1047 4001 1114 4054 Tur.
1129 4001 1284 4069 (Martene,
1294 3999 1393 4069 Ampl.

369 4089 455 4157 Coll,
471 4093 493 4143 t.
510 4089 543 4158 V,
559 4103 588 4156 p.
606 4087 698 4156 toln).
717 4119 749 4126 -
765 4089 868 4155 Rodio,
890 4087 1074 4141 lietherches
1095 4084 1274 4156 historiques
1296 4101 1348 4138 sur
1369 4085 1396 4137 le

367 4172 450 4229 Haut
463 4172 571 4242 Aujou,
589 4178 609 4228 t.
626 4173 648 4243 l,
663 4189 713 4242 pp.
729 4171 860 4227 uel-257.

402 4293 429 4350 3.
443 4293 524 4349 Cart.
535 4292 566 4349 S.
577 4292 643 4365 Sep.
653 4305 687 4348 11⁰
695 4292 740 4364 15,
749 4308 799 4363 pp.
808 4292 853 4364 17,
863 4291 907 4362 18,
917 4291 1106 4361 privilegium
1115 4291 1236 4348 Honorii
1247 4287 1282 4346 lli
1293 4304 1392 4372 papae.
