3128 5036
526 551 636 600 cnrur
660 553 834 610 6111166611.
1097 627 1099 632 ,
1156 541 1197 604 45

208 695 350 763 Minora
373 696 587 764 Damasceni
614 697 948 784 Hierosolymitano
972 697 1049 782 regi
1075 699 1196 766 fecere

162 812 324 896 negotia.
348 814 444 890 Quos
462 812 608 899 quidem
626 831 698 880 non
716 813 805 880 mihi
828 814 866 881 in
884 814 1005 882 animo
1026 821 1082 884 est
1097 815 1197 883 mili-

162 927 232 994 tari
262 926 416 1009 virtute,
447 925 491 994 de
520 946 591 1013 qua
621 927 717 994 haud
749 927 961 1012 ambigitur,
993 929 1195 997 fraudare:

163 1041 315 1110 biennio
328 1041 424 1109 enim
439 1048 519 1127 post
530 1043 726 1110 Fulconem
745 1061 869 1127 regem
883 1043 1032 1126 lactum,
1046 1045 1198 1110 Damas·
1225 1089 1226 1092 ,

166 1155 250 1223 oeni
279 1154 463 1223 civitatem
496 1157 770 1222 paneadensem
800 1157 1020 1224 obsederant
1049 1155 1197 1224 violen-

166 1274 294 1355 terque
318 1269 540 1352 effregerant
560 1266 713 1356 (1133)1;
742 1269 912 1337 Pontium
934 1270 1197 1357 Tripolitanum

165 1382 336 1450 comitem
360 1385 566 1450 66661136
592 1385 658 1452 sub
681 1392 814 1467 castro,
837 1387 932 1470 quod
957 1388 1060 1452 Mons
1081 1388 1197 1452 Pere-
1307 1429 1311 1437 ·

166 1498 297 1584 grinus
313 1497 459 1579 dicitur,
474 1505 620 1584 captum
632 1497 864 1566 occiderant²
874 1519 883 1585 ;
898 1499 1090 1586 Neapolim
1107 1499 1201 1567 civi-

166 1619 278 1681 tatem
299 1633 342 1680 ex
362 1612 574 1700 improviso,
592 1613 776 1680 latronum
792 1632 906 1693 more,
924 1613 1199 1699 aggredientes,

167 1727 205 1795 in
229 1727 328 1796 cives
353 1725 538 1795 irruerant
553 1727 734 1812 incautos,
753 1727 853 1795 aetati
869 1747 942 1796 non
959 1734 1201 1815 pepercerant

168 1850 231 1913 aut
259 1843 363 1911 sexui
395 1841 555 1931 (1137)³;
587 1845 768 1911 Thecuam
799 1842 957 1930 denique
988 1863 1085 1912 anno
1115 1847 1201 1913 1138

169 1945 449 2044 occupaverant,
468 1957 597 2043 spoliis
615 1975 738 2025 secum
764 1958 873 2043 plena
898 1974 1008 2025 manu
1024 1956 1198 2026 ablatisl.

169 2073 237 2141 Sed
260 2071 443 2140 contraxit
464 2071 692 2139 Christianos
713 2073 1029 2158 Damascenosque
1053 2071 1199 2139 utilita-

172 2192 246 2253 tum
262 2183 557 2252 communicatio.
574 2187 667 2252 Nam
682 2184 721 2251 in
737 2187 1045 2252 Damascenorum
1059 2203 1202 2272 posses·

172 2303 295 2370 siones
324 2321 407 2369 cum
437 2299 646 2384 sanguinus
675 2318 772 2367 anno
801 2301 888 2368 1139
916 2299 1098 2385 irruisset,
1130 2303 1201 2369 Da-

173 2414 355 2483 mascenis
378 2411 647 2501 postulantibus
677 2417 938 2480 succurrerunt
961 2411 1201 2480 Christiani⁵.

173 2527 316 2615 Optime
343 2525 558 2610 intelligunt
584 2524 763 2608 historici,
792 2545 874 2592 cum
905 2525 1104 2594 orientales
1129 2532 1204 2593 tum

174 2640 320 2726 1611616,
338 2640 486 2709 Latinos
502 2647 538 2707 61
551 2640 722 2708 Infideles
738 2659 759 2706 6
776 2639 964 2724 Sanguino
980 2659 1023 2707 eo
1041 2648 1203 2727 tempore

174 2757 211 2825 16
228 2776 293 2844 par
307 2760 343 2824 et
355 2775 465 2822 unum
478 2754 676 2822 discrimen
689 2755 863 2822 adductos
876 2753 1002 2822 luisse.
1018 2755 1205 2840 Sanguine

175 2872 269 2941 nihil
287 2870 360 2940 nisi
377 2871 646 2937 incommodum
663 2869 825 2937 tulerunt
842 2869 1011 2956 incepta:
1030 2872 1208 2957 quemad-

210 3082 237 3138 l.
257 3081 393 3137 Willelm.
410 3081 489 3150 Tyr„
505 3082 523 3135 l.
541 3080 614 3149 XIV,
631 3094 657 3134 6.
673 3079 759 3149 XVII,
776 3095 805 3148 p.
822 3078 885 3148 630,
902 3078 964 3136 631.

210 3205 237 3259 2.
258 3201 463 3272 1661111111,
483 3215 513 3270 p.
533 3199 596 3256 646,
618 3229 650 3239 -
671 3201 716 3255 Du
742 3201 852 3270 Gange,
881 3200 966 3256 Fam.
996 3200 1207 3271 d'Outre-Mer,

179 3305 209 3359 p.
225 3287 288 3344 481.

212 3409 239 3465 3.
260 3407 398 3464 Willelm.
415 3408 494 3476 Tyr,
511 3408 529 3461 l.
546 3406 619 3474 XIV,
635 3420 661 3460 6.
678 3405 788 3474 XXVII,
807 3419 835 3475 p.
851 3403 913 3460 647.

211 3529 238 3583 l.
260 3527 304 3582 Ib.
321 3530 339 3583 l.
356 3529 414 3598 XV,
431 3542 456 3583 c.
473 3529 522 3597 Vl,
538 3543 568 3596 p.
584 3525 646 3581 666.

211 3652 238 3708 5,
259 3650 303 3706 Ib.
320 3666 364 3706 cc.
381 3652 442 3719 Vll,
459 3650 532 3719 VIII,
549 3665 579 3718 p.
593 3648 647 3703 668
660 3653 690 3704 61
705 3663 750 3716 sq.

211 3775 237 3830 6.
260 3775 466 3843 Ihm-al-Athlr,
482 3773 589 3827 Kamet
611 3771 697 3842 (Hist.
722 3771 847 3839 Orient,
873 3775 894 3826 t.
921 3771 943 3839 I,
968 3786 998 3838 p.
1021 3769 1111 3838 I35lt
1140 3790 1151 3820 1
1171 3772 1212 3825 Le

176 3860 249 3914 vizir
270 3860 447 3928 representa
467 3873 526 3912 aux
546 3859 657 3912 Francs
678 3860 705 3913 le
721 3858 836 3924 danger
850 3857 899 3924 qui
915 3856 959 3910 les
975 3856 1124 3920 menapait
1140 3871 1213 3911 eux-

177 3947 292 4000 memes
309 3962 315 4012 ;
338 3948 369 3998 61
392 3945 437 3998 166
459 3945 569 3998 Francs
585 3947 789 3998 reconnurent
805 3941 943 3996 16161116
959 3941 997 3994 de
1012 3955 1048 3995 66
1063 3941 1133 4008 qu'il
1148 3942 1213 3996 leur

176 4029 276 4083 1116611.
301 4028 340 4082 116
362 4028 461 4083 virent
484 4041 543 4095 que
565 4027 591 4082 61
612 4022 731 4095 Zenguy
749 4026 849 4080 faisaIt
872 4040 932 4080 une
954 4026 1104 4092 66666616
1128 4025 1213 4080 66661

176 4114 356 4182 importante
370 4113 406 4166 ils
422 4127 459 4166 66
475 4111 646 4180 pourraient
662 4113 729 4179 plus
747 4126 781 4166 se
804 4110 961 4164 1661616611
981 4124 1018 4162 66
1035 4109 1129 4178 Syrte.
1146 4128 1157 4158 1
1178 4138 1210 4148 -

178 4195 219 4250 Cl.
244 4195 382 4250 Willelm.
399 4195 477 4263 Tyr,
499 4196 517 4249 l.
539 4195 598 4263 XV,
618 4209 644 4249 6.
667 4194 728 4261 Vll,
745 4210 773 4266 p.
790 4192 843 4246 668
860 4209 866 4247 :
885 4212 897 4242 1
914 4193 1036 4250 Hostem
1052 4191 1212 4266 utriusque

177 4281 265 4350 regni
279 4279 527 4340 crudelissimum.
547 4297 558 4330 1
