<?xml version="1.0" encoding="UTF-8"?>
<!DOCTYPE html PUBLIC "-//W3C//DTD XHTML 1.0 Transitional//EN"
    "http://www.w3.org/TR/xhtml1/DTD/xhtml1-transitional.dtd">
<html xmlns="http://www.w3.org/1999/xhtml" xml:lang="en" lang="en">
 <head>
  <title>
</title>
<meta http-equiv="Content-Type" content="text/html;charset=utf-8" />
  <meta name='ocr-system' content='tesseract 3.04.00' />
  <meta name='ocr-capabilities' content='ocr_page ocr_carea ocr_par ocr_line ocrx_word'/>
</head>
<body>
  <div class='ocr_page' id='page_1' title='image "./defulconishiero00dodugoog_0020.png"; bbox 0 0 3128 5036; ppageno 0'>
   <div class='ocr_carea' id='block_1_1' title="bbox 488 529 1194 594">
    <p class='ocr_par' dir='ltr' id='par_1_1' title="bbox 488 529 1194 594">
     <span class='ocr_line' id='line_1_1' title="bbox 488 529 1194 594; baseline 0.006 -6"><span class='ocrx_word' id='word_1_1' title='bbox 488 575 492 588; x_wconf 90' lang='lat'><strong>.</strong></span> <span class='ocrx_word' id='word_1_2' title='bbox 545 544 652 594; x_wconf 76' lang='lat' dir='ltr'><strong>carus</strong></span> <span class='ocrx_word' id='word_1_3' title='bbox 673 544 814 593; x_wconf 79' lang='lat' dir='ltr'><strong>Paruum.</strong></span> <span class='ocrx_word' id='word_1_4' title='bbox 1175 529 1194 592; x_wconf 82' lang='lat'><em>7</em></span> 
     </span>
    </p>
   </div>
   <div class='ocr_carea' id='block_1_2' title="bbox 146 685 1192 2490">
    <p class='ocr_par' dir='ltr' id='par_1_2' title="bbox 156 685 1192 1788">
     <span class='ocr_line' id='line_1_2' title="bbox 164 685 1191 775; baseline -0.005 -15"><span class='ocrx_word' id='word_1_5' title='bbox 164 687 415 773; x_wconf 83' lang='lat' dir='ltr'><strong>valentibus¹,</strong></span> <span class='ocrx_word' id='word_1_6' title='bbox 444 687 613 758; x_wconf 86' lang='lat' dir='ltr'><strong>cessisse.</strong></span> <span class='ocrx_word' id='word_1_7' title='bbox 645 685 999 774; x_wconf 85' lang='lat' dir='ltr'><strong>Hierosolymitanus</strong></span> <span class='ocrx_word' id='word_1_8' title='bbox 1029 686 1191 775; x_wconf 88' lang='lat' dir='ltr'><strong>patriar-</strong></span> 
     </span>
     <span class='ocr_line' id='line_1_3' title="bbox 164 800 1189 888; baseline -0.004 -16"><span class='ocrx_word' id='word_1_9' title='bbox 164 806 233 872; x_wconf 87' lang='lat' dir='ltr'><strong>cha</strong></span> <span class='ocrx_word' id='word_1_10' title='bbox 258 803 470 872; x_wconf 89' lang='lat' dir='ltr'><strong>Willelmus</strong></span> <span class='ocrx_word' id='word_1_11' title='bbox 502 803 565 888; x_wconf 88' lang='lat' dir='ltr'><strong>jus</strong></span> <span class='ocrx_word' id='word_1_12' title='bbox 603 800 761 886; x_wconf 80' lang='lat' dir='ltr'><strong>regium,</strong></span> <span class='ocrx_word' id='word_1_13' title='bbox 799 801 958 869; x_wconf 86' lang='lat' dir='ltr'><strong>Fulcone</strong></span> <span class='ocrx_word' id='word_1_14' title='bbox 997 806 1189 886; x_wconf 85' lang='lat' dir='ltr'><strong>regnante,</strong></span> 
     </span>
     <span class='ocr_line' id='line_1_4' title="bbox 163 913 1192 1003; baseline -0.004 -16"><span class='ocrx_word' id='word_1_15' title='bbox 163 917 372 987; x_wconf 76' lang='lat' dir='ltr'><strong>observavit</strong></span> <span class='ocrx_word' id='word_1_16' title='bbox 398 915 533 986; x_wconf 90' lang='lat' dir='ltr'><strong>nedum</strong></span> <span class='ocrx_word' id='word_1_17' title='bbox 563 913 819 1003; x_wconf 61' lang='lat' dir='ltr'><strong>praeeeperitt.</strong></span> <span class='ocrx_word' id='word_1_18' title='bbox 858 919 933 984; x_wconf 91' lang='lat' dir='ltr'><strong>Hoc</strong></span> <span class='ocrx_word' id='word_1_19' title='bbox 963 915 1122 985; x_wconf 83' lang='lat' dir='ltr'><strong>eflicitur</strong></span> <span class='ocrx_word' id='word_1_20' title='bbox 1153 920 1192 983; x_wconf 88' lang='lat' dir='ltr'><strong>ut</strong></span> 
     </span>
     <span class='ocr_line' id='line_1_5' title="bbox 162 1026 1190 1117; baseline -0.006 -15"><span class='ocrx_word' id='word_1_21' title='bbox 162 1026 1190 1117; x_wconf 83' lang='lat' dir='ltr'><strong>Fulco,licetreligiosus,iniquaconsiliareligiosorum</strong></span> 
     </span>
     <span class='ocr_line' id='line_1_6' title="bbox 162 1142 1190 1233; baseline -0.006 -17"><span class='ocrx_word' id='word_1_22' title='bbox 162 1146 318 1233; x_wconf 79' lang='lat' dir='ltr'><strong>reJicere</strong></span> <span class='ocrx_word' id='word_1_23' title='bbox 341 1165 521 1233; x_wconf 85' lang='lat' dir='ltr'><strong>nusquam</strong></span> <span class='ocrx_word' id='word_1_24' title='bbox 537 1143 676 1212; x_wconf 87' lang='lat' dir='ltr'><strong>veritus</strong></span> <span class='ocrx_word' id='word_1_25' title='bbox 697 1142 755 1212; x_wconf 92' lang='lat' dir='ltr'><strong>sit.</strong></span> <span class='ocrx_word' id='word_1_26' title='bbox 782 1142 926 1212; x_wconf 85' lang='lat' dir='ltr'><strong>Etenim</strong></span> <span class='ocrx_word' id='word_1_27' title='bbox 947 1147 1026 1210; x_wconf 89' lang='lat' dir='ltr'><strong>erat</strong></span> <span class='ocrx_word' id='word_1_28' title='bbox 1045 1161 1190 1229; x_wconf 88' lang='lat' dir='ltr'><strong>quoque</strong></span> 
     </span>
     <span class='ocr_line' id='line_1_7' title="bbox 161 1255 1188 1346; baseline -0.007 -16"><span class='ocrx_word' id='word_1_29' title='bbox 161 1260 391 1346; x_wconf 88' lang='lat' dir='ltr'><strong>ambitiosus,</strong></span> <span class='ocrx_word' id='word_1_30' title='bbox 431 1261 474 1327; x_wconf 90' lang='lat' dir='ltr'><strong>ad</strong></span> <span class='ocrx_word' id='word_1_31' title='bbox 514 1256 697 1327; x_wconf 90' lang='lat' dir='ltr'><strong>connubia</strong></span> <span class='ocrx_word' id='word_1_32' title='bbox 740 1255 947 1343; x_wconf 86' lang='lat' dir='ltr'><strong>principum</strong></span> <span class='ocrx_word' id='word_1_33' title='bbox 987 1275 1188 1342; x_wconf 83' lang='lat' dir='ltr'><strong>regumque</strong></span> 
     </span>
     <span class='ocr_line' id='line_1_8' title="bbox 162 1371 1189 1463; baseline -0.006 -18"><span class='ocrx_word' id='word_1_34' title='bbox 162 1376 389 1463; x_wconf 86' lang='lat' dir='ltr'><strong>capessenda</strong></span> <span class='ocrx_word' id='word_1_35' title='bbox 423 1371 603 1457; x_wconf 79' lang='lat' dir='ltr'><strong>artisex³,</strong></span> <span class='ocrx_word' id='word_1_36' title='bbox 635 1371 845 1440; x_wconf 86' lang='lat' dir='ltr'><strong>divitiarum</strong></span> <span class='ocrx_word' id='word_1_37' title='bbox 874 1390 948 1439; x_wconf 92' lang='lat' dir='ltr'><strong>non</strong></span> <span class='ocrx_word' id='word_1_38' title='bbox 978 1372 1069 1439; x_wconf 87' lang='lat' dir='ltr'><strong>adeo</strong></span> <span class='ocrx_word' id='word_1_39' title='bbox 1096 1390 1189 1440; x_wconf 91' lang='lat' dir='ltr'><strong>con-</strong></span> 
     </span>
     <span class='ocr_line' id='line_1_9' title="bbox 160 1483 1188 1576; baseline -0.005 -18"><span class='ocrx_word' id='word_1_40' title='bbox 160 1487 369 1576; x_wconf 81' lang='lat' dir='ltr'><strong>temptor⁴,</strong></span> <span class='ocrx_word' id='word_1_41' title='bbox 404 1487 516 1557; x_wconf 92' lang='lat' dir='ltr'><strong>immo</strong></span> <span class='ocrx_word' id='word_1_42' title='bbox 550 1485 635 1554; x_wconf 88' lang='lat' dir='ltr'><strong>fidei</strong></span> <span class='ocrx_word' id='word_1_43' title='bbox 669 1487 812 1554; x_wconf 90' lang='lat' dir='ltr'><strong>lucrum</strong></span> <span class='ocrx_word' id='word_1_44' title='bbox 846 1483 1105 1572; x_wconf 78' lang='lat' dir='ltr'><strong>praeponens5.</strong></span> <span class='ocrx_word' id='word_1_45' title='bbox 1143 1483 1188 1552; x_wconf 93' lang='lat' dir='ltr'><strong>Hi</strong></span> 
     </span>
     <span class='ocr_line' id='line_1_10' title="bbox 158 1599 1187 1688; baseline -0.005 -15"><span class='ocrx_word' id='word_1_46' title='bbox 158 1609 244 1674; x_wconf 85' lang='lat' dir='ltr'><strong>sunt</strong></span> <span class='ocrx_word' id='word_1_47' title='bbox 271 1600 548 1688; x_wconf 82' lang='lat' dir='ltr'><strong>Andagavensis</strong></span> <span class='ocrx_word' id='word_1_48' title='bbox 577 1599 749 1670; x_wconf 89' lang='lat' dir='ltr'><strong>Fulconis</strong></span> <span class='ocrx_word' id='word_1_49' title='bbox 776 1619 897 1669; x_wconf 88' lang='lat' dir='ltr'><strong>mores</strong></span> <span class='ocrx_word' id='word_1_50' title='bbox 923 1602 968 1670; x_wconf 89' lang='lat' dir='ltr'><strong>ab</strong></span> <span class='ocrx_word' id='word_1_51' title='bbox 998 1599 1187 1669; x_wconf 85' lang='lat' dir='ltr'><strong>historicis</strong></span> 
     </span>
     <span class='ocr_line' id='line_1_11' title="bbox 156 1717 646 1788; baseline -0.008 0"><span class='ocrx_word' id='word_1_52' title='bbox 156 1717 363 1788; x_wconf 87' lang='lat' dir='ltr'><strong>monstrati.</strong></span> <span class='ocrx_word' id='word_1_53' title='bbox 644 1726 646 1730; x_wconf 83' lang='grc'><strong>’</strong></span> 
     </span>
    </p>

    <p class='ocr_par' dir='ltr' id='par_1_3' title="bbox 146 1828 1186 2490">
     <span class='ocr_line' id='line_1_12' title="bbox 201 1828 1185 1919; baseline -0.005 -16"><span class='ocrx_word' id='word_1_54' title='bbox 201 1837 273 1902; x_wconf 88' lang='lat' dir='ltr'><strong>Res</strong></span> <span class='ocrx_word' id='word_1_55' title='bbox 287 1833 515 1919; x_wconf 89' lang='lat' dir='ltr'><strong>aliquantum</strong></span> <span class='ocrx_word' id='word_1_56' title='bbox 529 1832 646 1900; x_wconf 86' lang='lat' dir='ltr'><strong>haeret</strong></span> <span class='ocrx_word' id='word_1_57' title='bbox 660 1830 704 1899; x_wconf 92' lang='lat' dir='ltr'><strong>de</strong></span> <span class='ocrx_word' id='word_1_58' title='bbox 721 1849 817 1899; x_wconf 88' lang='lat' dir='ltr'><strong>anno</strong></span> <span class='ocrx_word' id='word_1_59' title='bbox 833 1849 903 1918; x_wconf 92' lang='lat' dir='ltr'><strong>quo</strong></span> <span class='ocrx_word' id='word_1_60' title='bbox 919 1837 1025 1899; x_wconf 88' lang='lat' dir='ltr'><strong>natus</strong></span> <span class='ocrx_word' id='word_1_61' title='bbox 1042 1828 1185 1899; x_wconf 88' lang='lat' dir='ltr'><strong>sitvere</strong></span> 
     </span>
     <span class='ocr_line' id='line_1_13' title="bbox 154 1944 1183 2037; baseline -0.006 -21"><span class='ocrx_word' id='word_1_62' title='bbox 154 1947 411 2037; x_wconf 87' lang='lat' dir='ltr'><strong>praefiniendo.</strong></span> <span class='ocrx_word' id='word_1_63' title='bbox 430 1945 576 2033; x_wconf 88' lang='lat' dir='ltr'><strong>Siquis,</strong></span> <span class='ocrx_word' id='word_1_64' title='bbox 594 1946 714 2014; x_wconf 87' lang='lat' dir='ltr'><strong>solitae</strong></span> <span class='ocrx_word' id='word_1_65' title='bbox 729 1944 826 2032; x_wconf 88' lang='lat' dir='ltr'><strong>Tyrii</strong></span> <span class='ocrx_word' id='word_1_66' title='bbox 846 1944 1045 2012; x_wconf 90' lang='lat' dir='ltr'><strong>eruditioni</strong></span> <span class='ocrx_word' id='word_1_67' title='bbox 1063 1945 1183 2012; x_wconf 89' lang='lat' dir='ltr'><strong>confi-</strong></span> 
     </span>
     <span class='ocr_line' id='line_1_14' title="bbox 153 2057 1186 2146; baseline -0.002 -17"><span class='ocrx_word' id='word_1_68' title='bbox 153 2057 285 2145; x_wconf 66' lang='lat' dir='ltr'><strong>densss,</strong></span> <span class='ocrx_word' id='word_1_69' title='bbox 310 2066 432 2128; x_wconf 89' lang='lat' dir='ltr'><strong>cetera</strong></span> <span class='ocrx_word' id='word_1_70' title='bbox 462 2059 670 2128; x_wconf 87' lang='lat' dir='ltr'><strong>testimonia</strong></span> <span class='ocrx_word' id='word_1_71' title='bbox 699 2059 896 2146; x_wconf 89' lang='lat' dir='ltr'><strong>despiciat,</strong></span> <span class='ocrx_word' id='word_1_72' title='bbox 926 2058 1118 2128; x_wconf 90' lang='lat' dir='ltr'><strong>committit</strong></span> <span class='ocrx_word' id='word_1_73' title='bbox 1147 2065 1186 2127; x_wconf 92' lang='lat' dir='ltr'><strong>ut</strong></span> 
     </span>
     <span class='ocr_line' id='line_1_15' title="bbox 153 2172 1183 2260; baseline -0.003 -18"><span class='ocrx_word' id='word_1_74' title='bbox 153 2172 1183 2260; x_wconf 80' lang='lat' dir='ltr'><strong>lalsocomputetannosquibusjamaetisFulcoregnum</strong></span> 
     </span>
     <span class='ocr_line' id='line_1_16' title="bbox 152 2285 1180 2373; baseline 0 -19"><span class='ocrx_word' id='word_1_75' title='bbox 152 2287 382 2356; x_wconf 84' lang='lat' dir='ltr'><strong>Hierusalem</strong></span> <span class='ocrx_word' id='word_1_76' title='bbox 409 2285 610 2356; x_wconf 81' lang='lat' dir='ltr'><strong>obtinuerit</strong></span> <span class='ocrx_word' id='word_1_77' title='bbox 634 2303 643 2354; x_wconf 76' lang='grc' dir='ltr'>ε</span> <span class='ocrx_word' id='word_1_78' title='bbox 669 2307 688 2351; x_wconf 89' lang='lat'>«</span> <span class='ocrx_word' id='word_1_79' title='bbox 712 2289 810 2370; x_wconf 83' lang='lat' dir='ltr'><strong>Erat,</strong></span> <span class='ocrx_word' id='word_1_80' title='bbox 832 2285 952 2371; x_wconf 90' lang='lat' dir='ltr'><strong>inquit</strong></span> <span class='ocrx_word' id='word_1_81' title='bbox 973 2285 1180 2373; x_wconf 74' lang='lat' dir='ltr'><strong>episcopor,</strong></span> 
     </span>
     <span class='ocr_line' id='line_1_17' title="bbox 146 2401 1182 2490; baseline -0.001 -19"><span class='ocrx_word' id='word_1_82' title='bbox 146 2406 225 2490; x_wconf 88' lang='lat' dir='ltr'><strong>jam</strong></span> <span class='ocrx_word' id='word_1_83' title='bbox 251 2404 472 2488; x_wconf 85' lang='lat' dir='ltr'><strong>grandaevus</strong></span> <span class='ocrx_word' id='word_1_84' title='bbox 489 2411 525 2470; x_wconf 88' lang='lat' dir='ltr'><strong>et</strong></span> <span class='ocrx_word' id='word_1_85' title='bbox 540 2403 622 2488; x_wconf 92' lang='lat' dir='ltr'><strong>plus</strong></span> <span class='ocrx_word' id='word_1_86' title='bbox 639 2421 745 2489; x_wconf 90' lang='lat' dir='ltr'><strong>quam</strong></span> <span class='ocrx_word' id='word_1_87' title='bbox 772 2401 1040 2486; x_wconf 82' lang='lat' dir='ltr'><strong>sexagesimum</strong></span> <span class='ocrx_word' id='word_1_88' title='bbox 1066 2419 1182 2487; x_wconf 86' lang='lat' dir='ltr'><strong>agens</strong></span> 
     </span>
    </p>
   </div>
   <div class='ocr_carea' id='block_1_3' title="bbox 151 2642 1182 2801">
    <p class='ocr_par' dir='ltr' id='par_1_4' title="bbox 151 2642 1182 2801">
     <span class='ocr_line' id='line_1_18' title="bbox 164 2642 1182 2720; baseline -0.002 -20"><span class='ocrx_word' id='word_1_89' title='bbox 164 2646 213 2720; x_wconf 86' lang='lat' dir='ltr'><strong>l.</strong></span> <span class='ocrx_word' id='word_1_90' title='bbox 233 2645 307 2700; x_wconf 87' lang='lat' dir='ltr'><strong>Vide</strong></span> <span class='ocrx_word' id='word_1_91' title='bbox 326 2644 433 2699; x_wconf 91' lang='lat' dir='ltr'><strong>librum</strong></span> <span class='ocrx_word' id='word_1_92' title='bbox 454 2658 471 2699; x_wconf 86' lang='lat' dir='ltr'><strong>a</strong></span> <span class='ocrx_word' id='word_1_93' title='bbox 492 2658 540 2698; x_wconf 91' lang='lat' dir='ltr'><strong>me</strong></span> <span class='ocrx_word' id='word_1_94' title='bbox 561 2644 707 2714; x_wconf 88' lang='lat' dir='ltr'><strong>scriptum</strong></span> <span class='ocrx_word' id='word_1_95' title='bbox 727 2642 815 2713; x_wconf 76' lang='lat' dir='ltr'><strong>(Hier.</strong></span> <span class='ocrx_word' id='word_1_96' title='bbox 836 2643 886 2698; x_wconf 86' lang='lat' dir='ltr'><strong>des</strong></span> <span class='ocrx_word' id='word_1_97' title='bbox 904 2643 979 2702; x_wconf 79' lang='lat' dir='ltr'><strong>Just,</strong></span> <span class='ocrx_word' id='word_1_98' title='bbox 1003 2644 1081 2700; x_wconf 80' lang='lat' dir='ltr'><strong>Mon.</strong></span> <span class='ocrx_word' id='word_1_99' title='bbox 1106 2645 1182 2700; x_wconf 79' lang='lat' dir='ltr'><strong>duos</strong></span> 
     </span>
     <span class='ocr_line' id='line_1_19' title="bbox 151 2729 579 2801; baseline -0.002 -15"><span class='ocrx_word' id='word_1_100' title='bbox 151 2733 177 2786; x_wconf 87' lang='lat' dir='ltr'><strong>lc</strong></span> <span class='ocrx_word' id='word_1_101' title='bbox 193 2747 256 2801; x_wconf 81' lang='lat' dir='ltr'><strong>rep.</strong></span> <span class='ocrx_word' id='word_1_102' title='bbox 272 2731 325 2785; x_wconf 82' lang='lat' dir='ltr'><strong>tat.</strong></span> <span class='ocrx_word' id='word_1_103' title='bbox 339 2730 374 2784; x_wconf 85' lang='lat' dir='ltr'><strong>dc</strong></span> <span class='ocrx_word' id='word_1_104' title='bbox 387 2729 460 2800; x_wconf 70' lang='lat' dir='ltr'><strong>Jam,</strong></span> <span class='ocrx_word' id='word_1_105' title='bbox 477 2743 503 2784; x_wconf 88' lang='lat' dir='ltr'><strong>c.</strong></span> <span class='ocrx_word' id='word_1_106' title='bbox 519 2729 579 2799; x_wconf 86' lang='lat' dir='ltr'><strong>Vl).</strong></span> 
     </span>
    </p>
   </div>
   <div class='ocr_carea' id='block_1_4' title="bbox 148 2851 1180 3007">
    <p class='ocr_par' dir='ltr' id='par_1_5' title="bbox 148 2851 1180 3007">
     <span class='ocr_line' id='line_1_20' title="bbox 184 2851 1180 2923; baseline 0 -16"><span class='ocrx_word' id='word_1_107' title='bbox 184 2853 212 2907; x_wconf 78' lang='lat'><strong>2.</strong></span> <span class='ocrx_word' id='word_1_108' title='bbox 233 2853 371 2908; x_wconf 90' lang='lat' dir='ltr'><strong>Willelm.</strong></span> <span class='ocrx_word' id='word_1_109' title='bbox 386 2852 454 2921; x_wconf 82' lang='lat' dir='ltr'><strong>Tyr.</strong></span> <span class='ocrx_word' id='word_1_110' title='bbox 471 2853 501 2920; x_wconf 73' lang='lat' dir='ltr'><strong>tl.</strong></span> <span class='ocrx_word' id='word_1_111' title='bbox 519 2852 592 2921; x_wconf 88' lang='lat' dir='ltr'>XIV,</span> <span class='ocrx_word' id='word_1_112' title='bbox 604 2865 630 2906; x_wconf 87' lang='lat' dir='ltr'><strong>c.</strong></span> <span class='ocrx_word' id='word_1_113' title='bbox 647 2851 734 2920; x_wconf 86' lang='lat' dir='ltr'>XVII,</span> <span class='ocrx_word' id='word_1_114' title='bbox 753 2866 782 2920; x_wconf 93' lang='lat' dir='ltr'><strong>p.</strong></span> <span class='ocrx_word' id='word_1_115' title='bbox 801 2851 864 2920; x_wconf 84' lang='lat'><strong>630)</strong></span> <span class='ocrx_word' id='word_1_116' title='bbox 881 2853 1180 2923; x_wconf 78' lang='lat' dir='ltr'><strong>hierosolymitanum</strong></span> 
     </span>
     <span class='ocr_line' id='line_1_21' title="bbox 148 2937 1178 3007; baseline 0.001 -15"><span class='ocrx_word' id='word_1_117' title='bbox 148 2937 348 3006; x_wconf 84' lang='lat' dir='ltr'><strong>patriarcham</strong></span> <span class='ocrx_word' id='word_1_118' title='bbox 361 2938 492 3005; x_wconf 88' lang='lat' dir='ltr'><strong>appellat</strong></span> <span class='ocrx_word' id='word_1_119' title='bbox 505 2955 515 2985; x_wconf 82' lang='lat' dir='ltr'><strong>r</strong></span> <span class='ocrx_word' id='word_1_120' title='bbox 528 2937 622 2992; x_wconf 90' lang='lat' dir='ltr'><strong>virum</strong></span> <span class='ocrx_word' id='word_1_121' title='bbox 634 2937 826 2991; x_wconf 88' lang='lat' dir='ltr'><strong>mitissimum</strong></span> <span class='ocrx_word' id='word_1_122' title='bbox 837 2942 869 2993; x_wconf 88' lang='lat' dir='ltr'><strong>et</strong></span> <span class='ocrx_word' id='word_1_123' title='bbox 878 2939 961 3007; x_wconf 82' lang='lat' dir='ltr'><strong>pacis</strong></span> <span class='ocrx_word' id='word_1_124' title='bbox 972 2943 1136 2993; x_wconf 80' lang='lat' dir='ltr'><strong>arrralorem</strong></span> <span class='ocrx_word' id='word_1_125' title='bbox 1154 2959 1178 2993; x_wconf 75' lang='lat' dir='ltr'><strong>r.</strong></span> 
     </span>
    </p>
   </div>
   <div class='ocr_carea' id='block_1_5' title="bbox 147 3061 1180 3640">
    <p class='ocr_par' dir='ltr' id='par_1_6' title="bbox 147 3061 1180 3640">
     <span class='ocr_line' id='line_1_22' title="bbox 184 3061 1179 3130; baseline 0.004 -14"><span class='ocrx_word' id='word_1_126' title='bbox 184 3061 211 3117; x_wconf 89' lang='lat'><strong>3.</strong></span> <span class='ocrx_word' id='word_1_127' title='bbox 232 3061 315 3117; x_wconf 89' lang='lat' dir='ltr'><strong>Duos</strong></span> <span class='ocrx_word' id='word_1_128' title='bbox 334 3062 423 3116; x_wconf 87' lang='lat' dir='ltr'><strong>Fulco</strong></span> <span class='ocrx_word' id='word_1_129' title='bbox 445 3061 522 3116; x_wconf 85' lang='lat' dir='ltr'><strong>filios</strong></span> <span class='ocrx_word' id='word_1_130' title='bbox 541 3077 579 3117; x_wconf 89' lang='lat' dir='ltr'><strong>ex</strong></span> <span class='ocrx_word' id='word_1_131' title='bbox 601 3075 695 3117; x_wconf 88' lang='lat' dir='ltr'><strong>uxore</strong></span> <span class='ocrx_word' id='word_1_132' title='bbox 717 3062 819 3130; x_wconf 80' lang='lat' dir='ltr'><strong>genuit</strong></span> <span class='ocrx_word' id='word_1_133' title='bbox 839 3067 869 3117; x_wconf 86' lang='lat' dir='ltr'><strong>et</strong></span> <span class='ocrx_word' id='word_1_134' title='bbox 886 3063 917 3116; x_wconf 92' lang='lat' dir='ltr'><strong>in</strong></span> <span class='ocrx_word' id='word_1_135' title='bbox 933 3063 1041 3118; x_wconf 91' lang='lat' dir='ltr'><strong>eodem</strong></span> <span class='ocrx_word' id='word_1_136' title='bbox 1056 3077 1179 3120; x_wconf 91' lang='lat' dir='ltr'><strong>numero</strong></span> 
     </span>
     <span class='ocr_line' id='line_1_23' title="bbox 148 3147 1178 3215; baseline 0 -13"><span class='ocrx_word' id='word_1_137' title='bbox 148 3147 225 3202; x_wconf 84' lang='lat' dir='ltr'><strong>illias</strong></span> <span class='ocrx_word' id='word_1_138' title='bbox 244 3162 249 3201; x_wconf 93' lang='lat'>:</span> <span class='ocrx_word' id='word_1_139' title='bbox 268 3147 439 3202; x_wconf 87' lang='lat' dir='ltr'><strong>Goslridum</strong></span> <span class='ocrx_word' id='word_1_140' title='bbox 459 3147 575 3202; x_wconf 89' lang='lat' dir='ltr'><strong>scilicet</strong></span> <span class='ocrx_word' id='word_1_141' title='bbox 589 3148 641 3215; x_wconf 89' lang='lat' dir='ltr'><strong>qui</strong></span> <span class='ocrx_word' id='word_1_142' title='bbox 658 3147 830 3202; x_wconf 86' lang='lat' dir='ltr'><strong>blathildem</strong></span> <span class='ocrx_word' id='word_1_143' title='bbox 853 3148 973 3202; x_wconf 88' lang='lat' dir='ltr'><strong>Henrici</strong></span> <span class='ocrx_word' id='word_1_144' title='bbox 988 3148 1076 3202; x_wconf 88' lang='lat' dir='ltr'><strong>Primi</strong></span> <span class='ocrx_word' id='word_1_145' title='bbox 1090 3148 1178 3202; x_wconf 86' lang='lat' dir='ltr'><strong>tiliam</strong></span> 
     </span>
     <span class='ocr_line' id='line_1_24' title="bbox 148 3231 1178 3301; baseline -0.002 -13"><span class='ocrx_word' id='word_1_146' title='bbox 148 3233 413 3300; x_wconf 85' lang='lat' dir='ltr'><strong>Romanorumque</strong></span> <span class='ocrx_word' id='word_1_147' title='bbox 437 3232 558 3286; x_wconf 89' lang='lat' dir='ltr'><strong>Henrici</strong></span> <span class='ocrx_word' id='word_1_148' title='bbox 578 3231 677 3296; x_wconf 86' lang='lat' dir='ltr'><strong>Quinti</strong></span> <span class='ocrx_word' id='word_1_149' title='bbox 698 3232 888 3299; x_wconf 87' lang='lat' dir='ltr'><strong>imperatoris</strong></span> <span class='ocrx_word' id='word_1_150' title='bbox 903 3231 1034 3301; x_wconf 91' lang='lat' dir='ltr'><strong>viduam,</strong></span> <span class='ocrx_word' id='word_1_151' title='bbox 1054 3246 1178 3286; x_wconf 84' lang='lat' dir='ltr'><strong>uxorem</strong></span> 
     </span>
     <span class='ocr_line' id='line_1_25' title="bbox 149 3314 1176 3386; baseline 0.001 -16"><span class='ocrx_word' id='word_1_152' title='bbox 149 3317 258 3386; x_wconf 74' lang='lat' dir='ltr'><strong>duxit,</strong></span> <span class='ocrx_word' id='word_1_153' title='bbox 282 3316 398 3370; x_wconf 89' lang='lat' dir='ltr'><strong>Heliam</strong></span> <span class='ocrx_word' id='word_1_154' title='bbox 419 3315 466 3369; x_wconf 92' lang='lat' dir='ltr'><strong>cui</strong></span> <span class='ocrx_word' id='word_1_155' title='bbox 487 3315 667 3370; x_wconf 88' lang='lat' dir='ltr'><strong>Percbensis</strong></span> <span class='ocrx_word' id='word_1_156' title='bbox 688 3328 790 3368; x_wconf 88' lang='lat' dir='ltr'><strong>eomes</strong></span> <span class='ocrx_word' id='word_1_157' title='bbox 808 3314 899 3368; x_wconf 89' lang='lat' dir='ltr'><strong>liliam</strong></span> <span class='ocrx_word' id='word_1_158' title='bbox 922 3329 1047 3370; x_wconf 85' lang='lat' dir='ltr'><strong>uxorem</strong></span> <span class='ocrx_word' id='word_1_159' title='bbox 1072 3315 1176 3386; x_wconf 87' lang='lat' dir='ltr'><strong>dedit;</strong></span> 
     </span>
     <span class='ocr_line' id='line_1_26' title="bbox 148 3399 1180 3470; baseline -0.002 -14"><span class='ocrx_word' id='word_1_160' title='bbox 148 3403 288 3470; x_wconf 85' lang='lat' dir='ltr'><strong>Sibyllam</strong></span> <span class='ocrx_word' id='word_1_161' title='bbox 303 3401 450 3455; x_wconf 90' lang='lat' dir='ltr'><strong>Willelmo</strong></span> <span class='ocrx_word' id='word_1_162' title='bbox 466 3401 570 3455; x_wconf 75' lang='lat' dir='ltr'><strong>clitoni</strong></span> <span class='ocrx_word' id='word_1_163' title='bbox 585 3400 723 3470; x_wconf 90' lang='lat' dir='ltr'><strong>primum,</strong></span> <span class='ocrx_word' id='word_1_164' title='bbox 735 3399 920 3454; x_wconf 83' lang='lat' dir='ltr'><strong>Theoderico</strong></span> <span class='ocrx_word' id='word_1_165' title='bbox 934 3401 1003 3454; x_wconf 90' lang='lat' dir='ltr'><strong>dein</strong></span> <span class='ocrx_word' id='word_1_166' title='bbox 1017 3399 1180 3455; x_wconf 85' lang='lat' dir='ltr'><strong>Flandren-</strong></span> 
     </span>
     <span class='ocr_line' id='line_1_27' title="bbox 149 3484 1178 3556; baseline -0.003 -14"><span class='ocrx_word' id='word_1_167' title='bbox 149 3488 227 3543; x_wconf 90' lang='lat' dir='ltr'><strong>sium</strong></span> <span class='ocrx_word' id='word_1_168' title='bbox 242 3486 351 3556; x_wconf 85' lang='lat' dir='ltr'><strong>comiti,</strong></span> <span class='ocrx_word' id='word_1_169' title='bbox 368 3491 398 3541; x_wconf 86' lang='lat' dir='ltr'><strong>et</strong></span> <span class='ocrx_word' id='word_1_170' title='bbox 413 3485 587 3540; x_wconf 88' lang='lat' dir='ltr'><strong>Mathildem</strong></span> <span class='ocrx_word' id='word_1_171' title='bbox 600 3485 751 3539; x_wconf 89' lang='lat' dir='ltr'><strong>Willelmo</strong></span> <span class='ocrx_word' id='word_1_172' title='bbox 766 3484 900 3555; x_wconf 86' lang='lat' dir='ltr'><strong>Adelino,</strong></span> <span class='ocrx_word' id='word_1_173' title='bbox 917 3485 1080 3552; x_wconf 80' lang='lat' dir='ltr'><strong>Anglorum</strong></span> <span class='ocrx_word' id='word_1_174' title='bbox 1098 3485 1178 3553; x_wconf 82' lang='lat' dir='ltr'><strong>regis</strong></span> 
     </span>
     <span class='ocr_line' id='line_1_28' title="bbox 147 3571 684 3640; baseline -0.004 -14"><span class='ocrx_word' id='word_1_175' title='bbox 147 3572 218 3640; x_wconf 83' lang='lat' dir='ltr'><strong>lilio,</strong></span> <span class='ocrx_word' id='word_1_176' title='bbox 232 3571 262 3624; x_wconf 88' lang='lat' dir='ltr'><strong>in</strong></span> <span class='ocrx_word' id='word_1_177' title='bbox 278 3571 498 3626; x_wconf 90' lang='lat' dir='ltr'><strong>matrimonium</strong></span> <span class='ocrx_word' id='word_1_178' title='bbox 513 3571 684 3624; x_wconf 77' lang='lat' dir='ltr'><strong>collocatas</strong></span> 
     </span>
    </p>
   </div>
   <div class='ocr_carea' id='block_1_6' title="bbox 145 3688 1177 4016">
    <p class='ocr_par' dir='ltr' id='par_1_7' title="bbox 145 3688 1177 4016">
     <span class='ocr_line' id='line_1_29' title="bbox 181 3688 1176 3763; baseline -0.001 -16"><span class='ocrx_word' id='word_1_179' title='bbox 181 3693 209 3748; x_wconf 76' lang='grc'><strong>4.</strong></span> <span class='ocrx_word' id='word_1_180' title='bbox 231 3691 367 3747; x_wconf 76' lang='lat' dir='ltr'><strong>Grandes</strong></span> <span class='ocrx_word' id='word_1_181' title='bbox 379 3691 449 3747; x_wconf 83' lang='lat' dir='ltr'><strong>Chr.</strong></span> <span class='ocrx_word' id='word_1_182' title='bbox 462 3691 497 3745; x_wconf 85' lang='lat' dir='ltr'><strong>de</strong></span> <span class='ocrx_word' id='word_1_183' title='bbox 511 3690 628 3746; x_wconf 74' lang='lat' dir='ltr'><strong>Fruere</strong></span> <span class='ocrx_word' id='word_1_184' title='bbox 638 3688 688 3763; x_wconf 76' lang='lat' dir='ltr'><strong>(H.</strong></span> <span class='ocrx_word' id='word_1_185' title='bbox 700 3689 746 3760; x_wconf 81' lang='lat' dir='ltr'><strong>F,</strong></span> <span class='ocrx_word' id='word_1_186' title='bbox 759 3693 780 3745; x_wconf 93' lang='lat' dir='ltr'><strong>t.</strong></span> <span class='ocrx_word' id='word_1_187' title='bbox 793 3689 855 3760; x_wconf 89' lang='lat' dir='ltr'><strong>llll,</strong></span> <span class='ocrx_word' id='word_1_188' title='bbox 867 3705 897 3759; x_wconf 94' lang='lat' dir='ltr'><strong>p.</strong></span> <span class='ocrx_word' id='word_1_189' title='bbox 907 3688 971 3760; x_wconf 84' lang='lat' dir='ltr'><strong>l&#39;l&#39;l)</strong></span> <span class='ocrx_word' id='word_1_190' title='bbox 984 3705 990 3746; x_wconf 95' lang='lat'><strong>:</strong></span> <span class='ocrx_word' id='word_1_191' title='bbox 1009 3709 1020 3740; x_wconf 79' lang='lat' dir='ltr'><strong>r</strong></span> <span class='ocrx_word' id='word_1_192' title='bbox 1038 3691 1070 3746; x_wconf 92' lang='lat' dir='ltr'><strong>Li</strong></span> <span class='ocrx_word' id='word_1_193' title='bbox 1082 3704 1176 3746; x_wconf 82' lang='lat' dir='ltr'><strong>orrens</strong></span> 
     </span>
     <span class='ocr_line' id='line_1_30' title="bbox 146 3775 1176 3847; baseline -0.005 -12"><span class='ocrx_word' id='word_1_194' title='bbox 146 3779 275 3835; x_wconf 82' lang='lat' dir='ltr'><strong>maiores</strong></span> <span class='ocrx_word' id='word_1_195' title='bbox 290 3780 429 3847; x_wconf 72' lang='lat' dir='ltr'><strong>bouques</strong></span> <span class='ocrx_word' id='word_1_196' title='bbox 444 3778 600 3846; x_wconf 84' lang='lat' dir='ltr'><strong>d’hngers,</strong></span> <span class='ocrx_word' id='word_1_197' title='bbox 618 3777 668 3845; x_wconf 87' lang='lat' dir='ltr'><strong>qui</strong></span> <span class='ocrx_word' id='word_1_198' title='bbox 683 3791 721 3830; x_wconf 90' lang='lat' dir='ltr'><strong>au</strong></span> <span class='ocrx_word' id='word_1_199' title='bbox 735 3775 779 3830; x_wconf 90' lang='lat' dir='ltr'><strong>roi</strong></span> <span class='ocrx_word' id='word_1_200' title='bbox 793 3776 832 3830; x_wconf 91' lang='lat' dir='ltr'><strong>de</strong></span> <span class='ocrx_word' id='word_1_201' title='bbox 847 3777 961 3830; x_wconf 83' lang='lat' dir='ltr'><strong>l&#39;ranoe</strong></span> <span class='ocrx_word' id='word_1_202' title='bbox 976 3777 1092 3830; x_wconf 86' lang='lat' dir='ltr'><strong>s&#39;estoit</strong></span> <span class='ocrx_word' id='word_1_203' title='bbox 1102 3777 1176 3831; x_wconf 89' lang='lat' dir='ltr'><strong>aliez</strong></span> 
     </span>
     <span class='ocr_line' id='line_1_31' title="bbox 147 3859 1177 3932; baseline -0.005 -13"><span class='ocrx_word' id='word_1_204' title='bbox 147 3869 178 3920; x_wconf 88' lang='lat' dir='ltr'><strong>et</strong></span> <span class='ocrx_word' id='word_1_205' title='bbox 193 3877 336 3918; x_wconf 87' lang='lat' dir='ltr'><strong>asseurez</strong></span> <span class='ocrx_word' id='word_1_206' title='bbox 354 3877 409 3932; x_wconf 90' lang='lat' dir='ltr'><strong>par</strong></span> <span class='ocrx_word' id='word_1_207' title='bbox 427 3862 523 3917; x_wconf 88' lang='lat' dir='ltr'><strong>bones</strong></span> <span class='ocrx_word' id='word_1_208' title='bbox 539 3866 661 3930; x_wconf 81' lang='lat' dir='ltr'><strong>ostages</strong></span> <span class='ocrx_word' id='word_1_209' title='bbox 676 3874 731 3930; x_wconf 90' lang='lat' dir='ltr'><strong>par</strong></span> <span class='ocrx_word' id='word_1_210' title='bbox 745 3860 883 3929; x_wconf 79' lang='lat' dir='ltr'><strong>homage,</strong></span> <span class='ocrx_word' id='word_1_211' title='bbox 909 3860 989 3914; x_wconf 87' lang='lat' dir='ltr'><strong>brisa</strong></span> <span class='ocrx_word' id='word_1_212' title='bbox 1006 3873 1040 3914; x_wconf 91' lang='lat' dir='ltr'><strong>sa</strong></span> <span class='ocrx_word' id='word_1_213' title='bbox 1061 3859 1099 3914; x_wconf 86' lang='lat' dir='ltr'><strong>foi</strong></span> <span class='ocrx_word' id='word_1_214' title='bbox 1121 3873 1177 3927; x_wconf 89' lang='lat' dir='ltr'><strong>par</strong></span> 
     </span>
     <span class='ocr_line' id='line_1_32' title="bbox 145 3947 679 4016; baseline -0.017 -11"><span class='ocrx_word' id='word_1_215' title='bbox 145 3963 181 4005; x_wconf 89' lang='lat' dir='ltr'><strong>sa</strong></span> <span class='ocrx_word' id='word_1_216' title='bbox 195 3948 361 4003; x_wconf 89' lang='lat' dir='ltr'><strong>convoitlse</strong></span> <span class='ocrx_word' id='word_1_217' title='bbox 377 3952 409 4002; x_wconf 89' lang='lat' dir='ltr'><strong>et</strong></span> <span class='ocrx_word' id='word_1_218' title='bbox 423 3961 478 4016; x_wconf 90' lang='lat' dir='ltr'><strong>par</strong></span> <span class='ocrx_word' id='word_1_219' title='bbox 495 3947 648 4002; x_wconf 88' lang='lat' dir='ltr'><strong>s’avarice.</strong></span> <span class='ocrx_word' id='word_1_220' title='bbox 667 3963 679 3996; x_wconf 75' lang='lat' dir='ltr'><strong>u</strong></span> 
     </span>
    </p>
   </div>
   <div class='ocr_carea' id='block_1_7' title="bbox 180 4066 757 4140">
    <p class='ocr_par' dir='ltr' id='par_1_8' title="bbox 180 4066 757 4140">
     <span class='ocr_line' id='line_1_33' title="bbox 180 4066 757 4140; baseline -0.007 -14"><span class='ocrx_word' id='word_1_221' title='bbox 180 4071 207 4126; x_wconf 89' lang='lat'><strong>5.</strong></span> <span class='ocrx_word' id='word_1_222' title='bbox 229 4071 312 4140; x_wconf 72' lang='lat' dir='ltr'><strong>Sug,</strong></span> <span class='ocrx_word' id='word_1_223' title='bbox 329 4068 406 4124; x_wconf 84' lang='lat' dir='ltr'><strong>Gest.</strong></span> <span class='ocrx_word' id='word_1_224' title='bbox 422 4067 509 4138; x_wconf 68' lang='lat' dir='ltr'><strong>llud,</strong></span> <span class='ocrx_word' id='word_1_225' title='bbox 525 4082 551 4123; x_wconf 88' lang='lat' dir='ltr'><strong>c.</strong></span> <span class='ocrx_word' id='word_1_226' title='bbox 566 4069 650 4137; x_wconf 88' lang='lat' dir='ltr'><strong>XXV,</strong></span> <span class='ocrx_word' id='word_1_227' title='bbox 666 4082 696 4139; x_wconf 93' lang='lat' dir='ltr'><strong>p.</strong></span> <span class='ocrx_word' id='word_1_228' title='bbox 712 4066 757 4122; x_wconf 70' lang='lat' dir='ltr'><strong>Vl.</strong></span> 
     </span>
    </p>
   </div>
   <div class='ocr_carea' id='block_1_8' title="bbox 143 4149 1173 4340">
    <p class='ocr_par' dir='ltr' id='par_1_9' title="bbox 143 4149 1173 4340">
     <span class='ocr_line' id='line_1_34' title="bbox 179 4149 1173 4262; baseline -0.004 -12"><span class='ocrx_word' id='word_1_229' title='bbox 179 4194 207 4250; x_wconf 85' lang='lat'><strong>6.</strong></span> <span class='ocrx_word' id='word_1_230' title='bbox 228 4195 302 4250; x_wconf 88' lang='lat' dir='ltr'><strong>Vide</strong></span> <span class='ocrx_word' id='word_1_231' title='bbox 316 4192 394 4251; x_wconf 83' lang='lat' dir='ltr'><strong>Hiat.</strong></span> <span class='ocrx_word' id='word_1_232' title='bbox 411 4194 461 4248; x_wconf 81' lang='lat' dir='ltr'><strong>des</strong></span> <span class='ocrx_word' id='word_1_233' title='bbox 476 4192 550 4249; x_wconf 78' lang='lat' dir='ltr'><strong>lest.</strong></span> <span class='ocrx_word' id='word_1_234' title='bbox 568 4191 648 4247; x_wconf 78' lang='lat' dir='ltr'><strong>More.</strong></span> <span class='ocrx_word' id='word_1_235' title='bbox 665 4190 781 4246; x_wconf 74' lang='lat' dir='ltr'><strong>dorsale</strong></span> <span class='ocrx_word' id='word_1_236' title='bbox 796 4205 860 4262; x_wconf 81' lang='lat' dir='ltr'><strong>roy.</strong></span> <span class='ocrx_word' id='word_1_237' title='bbox 878 4149 930 4244; x_wconf 81' lang='lat' dir='ltr'><strong>lut.</strong></span> <span class='ocrx_word' id='word_1_238' title='bbox 948 4189 983 4244; x_wconf 82' lang='lat' dir='ltr'><strong>de</strong></span> <span class='ocrx_word' id='word_1_239' title='bbox 998 4187 1059 4246; x_wconf 73' lang='lat' dir='ltr'><strong>Jer.</strong></span> <span class='ocrx_word' id='word_1_240' title='bbox 1076 4191 1173 4246; x_wconf 83' lang='lat' dir='ltr'><strong>Intro-</strong></span> 
     </span>
     <span class='ocr_line' id='line_1_35' title="bbox 143 4282 278 4340; baseline 0 -1"><span class='ocrx_word' id='word_1_241' title='bbox 143 4282 278 4340; x_wconf 88' lang='lat' dir='ltr'><strong>duction.</strong></span> 
     </span>
    </p>
   </div>
   <div class='ocr_carea' id='block_1_9' title="bbox 0 0 1568 5036">
    <p class='ocr_par' dir='ltr' id='par_1_10' title="bbox 0 0 1568 5036">
     <span class='ocr_line' id='line_1_36' title="bbox 0 0 1568 5036; baseline 0 6"><span class='ocrx_word' id='word_1_242' title='bbox 0 0 1568 5036; x_wconf 95' lang='lat' dir='ltr'><strong> </strong></span> 
     </span>
    </p>
   </div>
  </div>
 </body>
</html>
