3128 5036
376 561 417 624 38
703 571 747 620 nn
768 571 932 620 runcorus
953 571 1077 619 naono.

377 721 473 809 Tyrii
499 721 633 790 librum
658 719 808 805 legeris,
834 718 1032 788 Raimundi
1058 715 1269 785 removendi
1296 735 1411 784 causa

378 835 553 922 reperies,
586 837 698 913 Quem
729 833 875 920 quidem
906 853 969 900 rex
998 831 1213 900 removisset
1241 830 1273 898 si
1303 830 1411 898 Halis

378 952 517 1021 amicus
532 971 604 1020 non
622 950 743 1038 specie
759 954 899 1018 tautum
911 950 973 1017 sed
988 949 1097 1017 etiam
1110 968 1149 1014 re
1161 948 1277 1014 tactus
1295 949 1407 1014 esset.

376 1065 607 1151 Approbante
621 1067 747 1132 contra
758 1061 1091 1147 Hierosolymitano
1104 1079 1191 1146 rege
1202 1056 1409 1125 Boamundi

377 1179 490 1247 filiam
512 1178 740 1247 Raimundus
764 1196 912 1244 uxorem
938 1173 1077 1243 duxit¹.
1104 1179 1219 1242 Exeo
1242 1182 1408 1260 tempore

376 1310 502 1380 paoem
517 1292 828 1361 Antiochenorum
846 1289 1074 1377 principatus
1090 1281 1217 1374 gessit.

421 1509 468 1574 ΙΙ.
482 1545 524 1554 -
536 1505 655 1573 Nimis
671 1504 831 1574 breviter
843 1503 1010 1574 historici
1027 1506 1409 1572 commemoraverunt

376 1638 466 1706 quas
507 1639 564 1686 res
599 1639 679 1687 cnm
715 1618 1023 1705 Tripolitanorum
1062 1620 1407 1702 Edessanorumque

285 1811 287 1815 ⁸
376 1731 570 1801 comitibus
594 1733 705 1800 Fulco
728 1731 859 1816 egerit.
883 1735 1001 1808 Quare
1022 1733 1066 1797 de
1089 1730 1148 1797 his
1172 1731 1266 1816 quod
1285 1729 1407 1797 veloci

376 1843 496 1912 scribo
512 1846 654 1913 calamo
670 1864 742 1912 non
761 1863 840 1912 mea
857 1845 964 1930 culpa
983 1848 1037 1912 est
1048 1863 1056 1927 ;
1081 1848 1117 1912 et
1132 1863 1239 1930 spero
1255 1861 1312 1909 me
1331 1861 1404 1909 non

375 1957 413 2024 in
444 1959 658 2044 cujusquam
691 1957 997 2044 vituperationem
1027 1975 1210 2024 casurum.
1240 1954 1404 2040 Tripoli-

374 2071 471 2138 tanis
487 2070 755 2158 Edessanisque
772 2091 844 2139 non
860 2073 966 2139 modo
984 2070 1127 2138 tuendis
1144 2070 1207 2137 sed
1226 2068 1315 2136 etin
1333 2069 1404 2135 fide

375 2183 578 2252 retinendis
600 2205 725 2252 curam
749 2204 821 2252 non
844 2184 1021 2252 minorem
1040 2201 1148 2269 quam
1164 2179 1404 2249 antiochenis

375 2318 439 2366 rex
463 2299 642 2368 adhibuit.
668 2299 798 2367 Pontio
822 2299 919 2366 enim
943 2298 1182 2384 Tripolitano‚
1209 2315 1254 2363 no
1278 2295 1403 2364 chris-

376 2414 467 2482 tiani
483 2397 589 2500 regni
609 2434 693 2502 pars
718 2416 791 2482 ulla
813 2415 852 2483 in
875 2415 1035 2482 alienam
1053 2413 1228 2480 ditionem
1246 2411 1402 2488 veniret,

375 2526 583 2611 succurrit,
613 2527 855 2614 comitemque
873 2527 910 2594 in
933 2527 1105 2614 praesidio
1136 2523 1311 2611 quodam,
1342 2523 1403 2591 cui

374 2644 721 2711 Mons-Ferrandus
764 2661 917 2725 nomen,
960 2644 1147 2710 obsessum
1187 2637 1401 2708 liberavit2.

374 2758 494 2826 Pontii
524 2759 614 2842 tilio,
645 2758 851 2826 Raimundo
878 2757 1033 2840 scilicet,
1059 2757 1168 2843 paulo
1197 2763 1291 2842 post,
1319 2774 1400 2822 oum

373 2876 783 2942 Montem-Ferrandum
807 2875 939 2942 iterum
962 2873 1172 2941 obsiderent
1191 2869 1311 2954 Turci,
1334 2888 1402 2938 au-

372 2989 514 3071 xilium,
538 2989 682 3057 irritum
705 2989 847 3057 cuidem
866 2996 904 3057 ut
929 2987 1085 3055 inferius
1100 2984 1281 3069 diceturi,
1303 3004 1402 3070 prae-

372 3099 490 3171 buitt.
513 3105 603 3170 Item
633 3101 723 3169 mihi
747 3101 820 3169 non
843 3107 898 3169 est
917 3100 1068 3168 dubium
1097 3099 1186 3186 quin
1214 3099 1400 3165 Edessano

406 3294 432 3348 t.
453 3295 590 3350 Witlelm.
607 3294 686 3363 Tyr..
702 3295 721 3348 l.
737 3293 810 3363 XIV,
827 3308 853 3348 c.
870 3294 929 3361 XX,
945 3307 975 3361 p.
991 3291 1053 3346 637.

405 3402 432 3458 2.
453 3402 496 3458 Π).
514 3419 539 3459 c.
555 3403 603 3473 VI,
619 3419 671 3473 pp.
691 3403 754 3474 bid,
769 3403 822 3459 615
840 3419 846 3458 :
866 3423 878 3454 u
899 3403 976 3458 Ecce
998 3416 1085 3457 soror
1099 3401 1164 3468 ejus
1180 3399 1221 3468 (id
1238 3404 1286 3454 est
1300 3399 1398 3454 Fulco

371 3488 430 3556 nis)
446 3489 568 3542 domina
584 3489 701 3557 cecilia,
717 3489 881 3557 comitissa,
893 3488 990 3543 Pontii
1000 3487 1173 3556 Tripolitani
1184 3485 1301 3540 comitis
1313 3499 1398 3553 uxor,

370 3571 480 3626 flebilia
502 3573 633 3641 nunciat,
654 3572 1033 3642 dioens1smguinum...
1053 3573 1084 3626 in
1107 3571 1249 3640 praesidio
1269 3569 1399 3638 quodam

371 3671 436 3724 suo,
449 3657 496 3711 oui
508 3658 775 3713 Mons-Ferrandus
787 3674 909 3726 nomen,
921 3660 1060 3713 maritum
1071 3656 1341 3712 suumobsedissc.
1352 3694 1358 3707 .
1370 3693 1377 3709 .
1389 3692 1395 3708 .

372 3742 461 3809 Cujus
489 3742 580 3796 nimia
608 3757 662 3797 rex
684 3748 784 3798 motus
808 3744 998 3799 instantia...
1027 3744 1095 3797 illuc
1120 3743 1223 3809 'dirigit
1246 3741 1395 3796 acies...

370 3826 504 3881 Audiens
527 3827 617 3894 igitur
646 3827 814 3895 sanguinus
845 3829 998 3884 dominum
1029 3842 1132 3896 regem
1160 3828 1197 3880 ad
1225 3825 1399 3881 solvendam

370 3908 554 3964 obsidionem
574 3923 748 3979 properare,
770 3910 871 3966 habito
889 3925 956 3965 oum
980 3911 1044 3964 suis
1064 3910 1196 3977 consilio,
1211 3907 1281 3976 quid
1296 3909 1399 3964 utilius

368 3993 533 4062 videretur,
560 3994 749 4049 obsidionem
778 3995 871 4062 gratis
900 3994 996 4049 solvit.
1020 4013 1031 4044 n
1061 3994 1135 4048 Vide
1163 3988 1312 4062 inierim,
1330 4007 1396 4061 cap.

370 4083 520 4147 quartum.
734 4083 737 4090 ’

404 4188 431 4246 3.
452 4189 526 4245 Vide
540 4189 673 4262 interiuS,
691 4205 758 4260 cap.
776 4173 926 4259 quartum.

411 4295 438 4355 4.
458 4297 595 4356 Willelm.
612 4298 691 4369 Tyr,
706 4300 725 4354 l.
741 4299 815 4367 XIV,
830 4313 856 4354 c.
874 4297 957 4366 XXV,
973 4311 1003 4369 p.
1019 4293 1072 4352 643
1089 4311 1095 4351 :
1114 4314 1125 4346 ι
1148 4296 1255 4354 (tomes
1274 4293 1398 4367 Tripoli·
