3128 5036
375 523 396 588 4
705 533 749 580 DE
770 531 935 579 FULCONIS
957 531 1079 580 REGNO.

376 680 469 748 riam
486 681 577 748 adeo
595 677 744 746 fluidam
760 679 900 747 hahens
925 683 963 746 ut
982 697 1055 746 non
1073 679 1195 748 vultus
1218 678 1290 748 nisi
1312 699 1411 766 pau·

378 813 504 863 corum
530 791 787 879 agnoscerem,
807 793 1011 862 excellebat
1032 794 1142 862 Fulco
1172 813 1292 881 neque
1317 813 1407 863 cor-

377 908 477 996 poris
498 908 620 996 specie
646 927 765 995 neque
795 907 938 992 ingenii
968 908 1149 976 acumine.
1180 910 1318 977 Verum
1339 929 1407 978 sa-

377 1027 517 1116 pientia
546 1026 731 1114 princepe,
757 1024 796 1092 in
821 1022 988 1092 consiliis
1017 1024 1204 1110 providus,
1231 1044 1299 1093 nec
1320 1027 1406 1094 cui-

377 1164 485 1232 quam
502 1142 696 1229 diligentia
716 1141 835 1230 impar
852 1147 942 1210 erat.
966 1143 1076 1228 CuJus
1096 1142 1151 1210 rei
1173 1143 1231 1211 vel
1250 1162 1293 1211 ea
1315 1145 1406 1212 fides

376 1262 424 1330 sit
459 1262 553 1348 quod
584 1259 622 1328 iu
651 1260 907 1346 Andegavensi
945 1259 1118 1328 comitatu
1157 1260 1327 1346 primum,
1366 1261 1407 1328 in

377 1374 710 1461 Hierosolymitano
740 1373 825 1440 dein
855 1391 983 1458 regno,
1008 1391 1047 1440 se
1069 1374 1209 1458 justum
1237 1373 1407 1442 omnihus

378 1489 548 1576 praebuit,
566 1488 769 1575 impensam
790 1486 890 1554 dedit
910 1488 1019 1556 rebus
1032 1486 1243 1556 domesticis
1258 1507 1406 1574 operam

375 1605 475 1672 etad
503 1605 626 1672 hostes
648 1602 887 1671 debellandos
910 1605 1059 1688 paratus
1082 1601 1229 1669 assidue
1252 1602 1404 1671 exstitit.

376 1719 575 1787 Christiani
588 1737 660 1787 non
674 1718 792 1803 magis
806 1737 914 1804 quam
928 1716 1072 1786 comitis
1085 1717 1230 1802 regisve
1243 1717 1405 1786 officium

378 1833 600 1904 deserens2:
628 1837 701 1902 Deo
721 1832 896 1918 religiose
920 1832 1145 1903 inserviebat
1169 1837 1205 1902 et
1225 1853 1406 1920 quemque

378 1949 557 2019 inservire
582 1951 747 2036 jubebat.
774 1950 1083 2028 Quemadmodum
1114 1947 1176 2016 Dei
1203 1947 1407 2016 cultoribus

378 2063 672 2131 benevolentiam
710 2061 925 2148 praestabat,
965 2060 1018 2128 sic
1056 2059 1200 2128 deditos
1239 2060 1408 2128 homines

379 2179 640 2266 cupiditatibus
660 2178 950 2266 libidinibusque
974 2179 1252 2265 aspernabatur,
1277 2177 1407 2246 irreli-

379 2294 503 2380 giosos
533 2297 754 2363 removebat.
782 2297 951 2363 Attamen
981 2297 1072 2363 adeo
1097 2313 1170 2362 non
1199 2295 1409 2381 spiritualia

379 2411 543 2498 praetulit
571 2410 833 2498 temporalibus
863 2417 903 2478 ut
931 2416 1032 2480 extra
1052 2413 1115 2498 jus
1139 2411 1407 2499 imperiumque

379 2525 598 2593 clericorum
614 2544 758 2613 semper
771 2525 920 2594 viveret.
934 2529 1021 2604 Quae
1034 2525 1180 2612 quidem
1193 2527 1276 2594 data
1289 2527 1409 2594 Ande-

379 2640 1407 2730 gavensiecclesianmniumSanctorumJ‘amaFulcone

379 2758 500 2827 Tertio
516 2764 621 2827 erant
636 2758 714 2845 ipse
731 2758 863 2826 iterum
884 2758 984 2827 dedit
1006 2760 1273 2846 ecclesiamque
1298 2762 1406 2828 locu-

384 2873 577 2961 pletiorem
607 2873 695 2940 fecit
716 2871 877 2960 (ltle)³;
909 2873 1157 2942 nundinarum
1188 2880 1224 2942 et
1252 2874 1408 2961 privile-

382 2987 1410 3072 giumCenomanneusiecclesieeSanctiJulianiconces·

417 3250 443 3306 l.
464 3251 602 3305 Willelm.
626 3251 705 3320 Tyr,
722 3251 740 3304 l.
755 3251 827 3319 XIV,
849 3266 875 3306 c.
898 3251 920 3318 Ι,
941 3265 970 3319 p.
991 3247 1044 3304 605
1067 3266 1072 3304 :
1097 3269 1109 3301 u
1132 3251 1176 3305 Ita
1194 3254 1228 3305 ut
1248 3252 1287 3306 dc
1308 3266 1344 3307 eo
1363 3253 1410 3306 cui

381 3339 471 3406 paulo
486 3341 555 3391 ante
574 3351 748 3405 supremum
768 3337 958 3405 impenderat
976 3337 1131 3405 honorem,
1153 3341 1184 3391 et
1203 3337 1410 3392 tanriliaritatis

382 3421 517 3489 gratiam,
542 3421 700 3488 diligenter
724 3421 915 3490 postmodum
936 3425 1095 3490 quaereret,
1118 3421 1256 3489 quisnam
1275 3425 1368 3491 esset,
1385 3421 1410 3476 si

382 3521 420 3560 cx
435 3506 597 3574 improviso
612 3507 639 3560 ei
657 3521 690 3561 so
705 3510 888 3576 praesentem
903 3507 997 3561 daret.
1016 3524 1028 3556 v

418 3637 444 3690 2.
465 3634 508 3690 lh.
526 3637 544 3690 l.
561 3637 634 3706 XIV,
663 3651 689 3692 c.
711 3637 747 3706 ΙΙ,
763 3653 792 3704 p.
812 3635 866 3690 608
883 3654 888 3692 :
913 3657 925 3688 u
946 3637 1103 3705 Magnifice
1124 3639 1285 3706 plurimum
1306 3639 1337 3692 in
1357 3639 1411 3694 Dei

383 3722 504 3776 servitio
514 3736 547 3776 se
556 3721 671 3776 habeus
684 3743 707 3776 v.
718 3752 752 3762 -
761 3721 831 3778 Gbr.
844 3721 879 3774 cle
893 3721 970 3778 Gest.
983 3721 1067 3777 Cous.
1077 3720 1190 3791 Audeq.
1204 3721 1288 3791 (Chr.
1301 3723 1410 3794 ol'Anj.‚

383 3821 413 3875 p.
431 3804 495 3874 143)
512 3821 518 3858 :
538 3824 548 3854 u
565 3806 637 3883 Fide
651 3807 816 3861 catholicus
834 3824 858 3861 ».

418 3941 445 3995 3.
468 3940 606 3996 Continet
625 3941 705 3996 enim
726 3943 909 3996 Bibliotheca
929 3943 956 3996 S.
982 3943 1142 3998 Geuovelae
1163 3943 1299 3997 chartam
1324 3957 1413 3998 manu

383 4027 526 4095 scriptam
538 4026 586 4079 uhi
597 4026 742 4084 beneficia
752 4028 861 4095 quihus
872 4027 1031 4081 ecclesiam
1045 4029 1134 4082 Fulco
1146 4027 1212 4082 Illus
1225 4031 1255 4082 et
1265 4029 1354 4082 Fulco
1364 4028 1412 4081 V1¹³

382 4115 563 4166 ornaverunt
578 4115 790 4165 memorantur.
804 4111 944 4165 Chartam
959 4110 1162 4178 ErenrhurgiS‚
1177 4111 1310 4166 lunioris
1326 4125 1410 4179 uxor,

382 4194 596 4261 Goslridusque
619 4195 697 4249 filius
721 4200 752 4249 et
770 4196 964 4264 quamplures
988 4196 1036 4250 alii
1060 4195 1316 4267 subscripserunt.
1338 4196 1410 4253 Vide

383 4277 487 4352 Suppl.
503 4277 541 4336 H.
557 4277 619 4349 564,
635 4280 684 4335 sol.
699 4278 757 4335 34
