3128 5036
548 506 656 559 creor
677 506 833 559 naamon.
1165 493 1206 561 39

173 656 300 729 comiti
320 657 518 756 tescelino,
545 657 576 726 si
603 677 693 746 opus
716 657 858 743 luisset,
876 658 1073 727 auxiliatus
1093 665 1202 730 esset.
1289 663 1291 666 ’

172 771 279 840 Illius
295 776 416 839 autem
433 769 604 839 Falconis
620 777 797 858 tempore,
815 791 874 840 res
889 773 983 842 bene
999 779 1202 843 cesserunt.

172 886 350 973 Equidem
372 884 500 972 Tyrius
523 886 629 952 docet
651 885 877 954 lescelinum
897 885 934 954 in
955 906 1088 972 magna
1104 888 1205 974 peri-

171 1005 268 1089 cula,
275 1005 350 1089 jam
364 1001 449 1070 inde
462 1021 481 1070 a
494 1002 677 1090 principio
689 1004 860 1072 Fulconis
874 1005 995 1091 regni,
1006 1005 1201 1075 incidisse:

169 1116 376 1186 Iconiensis
399 1118 586 1202 soldanus,
603 1120 752 1186 Masoud
769 1119 924 1204 scilicet,
945 1125 1104 1188 castrum
1128 1138 1200 1188 no-

171 1231 270 1300 mine
309 1233 476 1300 Cressum
517 1232 883 1318 circumvallaverat3
922 1233 1067 1301 comitis
1101 1233 1200 1303 filius

168 1346 375 1428 soldanum,
404 1364 485 1412 cum
515 1350 739 1432 pavesceret,
771 1344 908 1412 adoriri
940 1347 1133 1430 uoluerat;
1164 1353 1200 1414 et

167 1479 290 1529 comes
314 1462 441 1529 morbo
464 1463 628 1547 affectae,
646 1461 756 1530 immo
778 1461 1030 1548 moribundus,
1048 1465 1143 1531 latus
1159 1463 1198 1530 in

167 1573 314 1658 lectica,
332 1574 498 1644 hostibus
519 1583 728 1643 occurrerat
751 1595 886 1662 eosque
908 1573 1132 1663 repulerat1.
1153 1582 1200 1644 At

166 1684 945 1775 postcalescelinuslunicrprosperasres,
960 1687 1196 1756 licetillustri

165 1806 270 1887 patre
286 1797 502 1885 indignum,
522 1802 639 1886 quoad
656 1801 746 1868 vixit
766 1801 890 1886 Fulcc,
913 1799 1079 1869 habuiti.
1100 1804 1196 1878 Que-

165 1917 398 1984 madmodum
414 1923 535 1983 autem
552 1917 662 1983 Fulco
674 1915 911 2003 Tripolitanis
924 1916 1194 2004 Edessanisque
1230 1922 1236 1934 '

165 2031 341 2099 auxilium
359 2032 546 2118 praebebat
565 2032 623 2099 vel
640 2031 811 2098 auxiliari
826 2030 1080 2117 paratissimus
1096 2050 1194 2099 sem-

164 2166 230 2234 per
245 2152 337 2231 erat,
359 2146 411 2214 sic
429 2147 508 2231 regi
525 2147 673 2214 domino
689 2165 818 2232 parere
837 2165 898 2214 eos
912 2147 1069 2214 volebat.
1091 2145 1192 2214 Nihil

164 2261 351 2346 antiquius
380 2260 508 2328 habuit
538 2280 644 2347 qoam
676 2260 866 2346 perfidiam
898 2259 1019 2327 Pontii
1049 2259 1193 2328 comitis

163 2373 350 2440 vindicare
365 2393 375 2458 3
399 2393 466 2441 nec
483 2373 585 2460 prius
601 2374 639 2439 in
656 2372 812 2457 gratiam
828 2391 911 2439 eum
927 2371 1069 2458 accepit
1084 2392 1192 2458 quam

162 2486 260 2574 apud
279 2487 437 2572 Rugiam
461 2485 648 2554 lacessivit
668 2483 866 2572 vicitquet.
892 2486 1054 2571 Denique
1078 2488 1193 2554 Edes-

162 2619 334 2670 sanorum
358 2601 739 2688 Tripolitanorumque
764 2599 917 2668 comites
946 2598 1055 2669 simul
1084 2607 1192 2688 atquc

160 2718 471 2786 Antiochenorum
490 2715 694 2802 principem
710 2717 754 2783 ad
771 2735 809 2783 se
825 2717 1042 2783 servandum
1059 2735 1193 2804 prope·

161 2849 244 2898 rare
255 2829 368 2916 jussit
383 2828 683 2915 quotiescumque
701 2827 929 2915 periclitatus
948 2826 1042 2896 est⁵.

160 3032 251 3096 tanus
267 3026 454 3080 Raimundus
466 3024 569 3080 missis
580 3025 637 3079 sub
648 3025 728 3078 omni
738 3025 892 3079 celeritate
905 3025 1027 3094 nuntiis,
1039 3025 1189 3080 dominum

160 3123 265 3178 regern
279 3109 411 3177 profusis
428 3108 516 3162 anxie
532 3107 675 3176 precibus
690 3113 785 3177 rogat,
802 3108 879 3161 utin
895 3113 977 3162 tanta
992 3110 1187 3178 necessitate,

162 3197 254 3251 rebus
274 3209 353 3264 pene
379 3193 548 3262 desperatis
572 3207 632 3247 non
655 3198 790 3247 moretur
814 3193 995 3263 subvenire,
1021 3195 1076 3248 sed
1100 3209 1189 3263 opem

160 3283 275 3336 laturus
308 3280 477 3335 accederet.
507 3298 520 3332 s
559 3279 650 3346 Cujus
688 3279 829 3346 precibus
866 3285 1049 3334 annuentem
1086 3294 1189 3348 regern

161 3369 310 3422 monstrat
322 3365 485 3420 historicus
501 3368 532 3418 et
542 3364 579 3417 ad
589 3364 788 3432 Tripolitanos
799 3364 889 3418 citato
899 3378 990 3419 cursu
1002 3365 1186 3420 tendentem.

196 3491 223 3546 1.
243 3490 381 3544 Willelm.
398 3489 476 3557 Tyn,
493 3489 511 3542 l.
528 3487 601 3556 XIV,
616 3501 642 3542 c.
661 3488 709 3557 lll,
726 3502 777 3556 pp.
797 3486 860 3557 609,
875 3486 938 3541 610.

196 3611 222 3668 2.
244 3612 287 3666 lb.
305 3626 334 3681 p.
351 3611 426 3667 610:
447 3631 458 3662 a
479 3611 643 3680 Apaterna
658 3611 751 3679 gloria
764 3612 899 3680 degener
913 3612 1083 3681 plurimum.
1107 3630 1119 3662 »

195 3735 222 3792 3.
243 3738 317 3792 Vide
332 3737 465 3806 inferiae,
483 3751 549 3805 cap.
565 3737 711 3805 quintum,
723 3737 831 3804 quade
845 3750 938 3791 causa
952 3737 1094 3792 Edessam
1110 3751 1189 3791 anno

161 3828 278 3878 tantum
302 3821 390 3892 1144,
415 3826 485 3891 post
513 3822 675 3876 l'ulconem
703 3821 887 3891 defunctum,
915 3828 1033 3892 captum
1061 3838 1189 3892 accepe-

159 3922 265 3963 rimus.

194 4032 221 4088 4.
243 4034 286 4087 De
302 4033 397 4087 Pontii
412 4032 540 4101 perfidia
553 4033 614 4101 qui,
626 4046 694 4087 cum
705 4031 826 4086 rebellis
837 4032 918 4087 Halis
937 4038 1039 4102 partes
1059 4037 1186 4104 teneret,

159 4120 180 4174 F
181 4119 282 4173 ulconi
297 4123 378 4173 terra
394 4132 448 4173 sua
463 4117 659 4172 interdixerat
672 4117 739 4196 yide
753 4117 903 4187 superine,
920 4132 970 4186 pp.
985 4117 1030 4187 34,
1041 4117 1090 4181 35.

197 4245 224 4300 5.
246 4245 330 4300 Anno
345 4243 414 4299 1137
430 4244 635 4300 Antiochenus
650 4243 792 4312 princeps
807 4242 993 4297 Raimundus
1014 4247 1044 4297 et
1059 4242 1187 4300 Edessa·
