3128 5036
574 585 681 635 cnrur
702 587 867 636 reanum.
1191 565 1231 631 35

203 743 313 820 esset,
331 737 541 806 Latinorum
558 739 717 824 negotiis
732 737 989 805 intervenisse.
1011 739 1120 806 ltere
1136 737 1226 805 Ful-

203 875 294 924 cone
310 854 473 923 habitum
491 855 603 922 refert
616 855 755 940 Tyrius.
775 852 949 922 Comitem
964 851 1228 939 Tripolitanum

203 971 283 1056 regi
299 977 397 1039 terra
418 990 483 1038 sua
499 971 797 1054 interdicentem3
815 969 949 1038 victum
966 989 987 1037 a
1004 988 1091 1054 rege
1104 988 1228 1056 pugna

203 1087 247 1154 ad
277 1085 454 1170 Rugiam3
482 1085 730 1154 Antiochenos
759 1085 916 1172 denique
946 1084 1131 1153 a‘victore
1158 1103 1227 1172 pe-

202 1204 320 1267 tentes
345 1205 383 1266 ut
405 1199 608 1283 longiorem
633 1219 769 1267 moram
795 1201 888 1285 apud
919 1219 958 1266 se
985 1199 1123 1266 faceret
1151 1218 1228 1267 me-

202 1318 320 1381 morat
345 1314 500 1380 enodate
526 1313 719 1400 episcopus
740 1312 894 1400 (ll3lll.
919 1313 1010 1392 Quid
1032 1333 1119 1381 vero
1140 1333 1229 1381 vas-

201 1430 291 1498 salis
313 1449 376 1497 rex
392 1429 448 1497 vel
465 1429 551 1516 quid
569 1430 647 1514 regi
664 1430 797 1497 vassali
814 1429 1008 1498 debuerint
1031 1449 1103 1497 non
1126 1429 1228 1496 dilu-

201 1545 319 1612 cidius
349 1543 457 1612 simul
488 1563 529 1611 ac
554 1545 701 1612 brevius
728 1564 836 1631 quam
858 1543 916 1612 his
946 1545 1109 1630 ejusdem
1130 1542 1228 1629 Tyrii

199 1659 322 1727 verbis
348 1658 552 1744 significari
584 1664 702 1746 potest
732 1679 739 1727 ε
773 1663 895 1728 «Rex
924 1659 1222 1726 considerans...

201 1795 355 1860 regnum
380 1795 483 1843 suum
506 1775 544 1843 in
568 1780 644 1843 tuto
667 1775 898 1858 collocatum,
916 1775 1025 1861 plena
1041 1774 1227 1861 tranquil-

201 1891 304 1958 litate
320 1893 494 1975 gaudere,
518 1897 554 1959 et
576 1909 655 1959 eam
678 1891 715 1958 in
734 1911 803 1978 qua
822 1896 912 1976 erat,
930 1890 1083 1958 rectoris
1111 1890 1228 1977 pluri·
1322 1883 1324 1888 ’

200 2005 1224 2094 mumindigerepatrocinioregionem,benigneannuit;

200 2128 325 2193 ettam
343 2125 467 2191 urbem
484 2143 591 2210 quam
610 2123 815 2209 adjacentia
832 2123 1015 2193 communi
1035 2142 1225 2211 procerum

200 2237 356 2306 consilio
373 2256 536 2321 congruo
556 2237 805 2305 moderamine
826 2238 1037 2324 disponens,
1055 2242 1228 2324 quantam
1282 2229 1284 2233 ’

201 2353 310 2420 rebus
333 2352 492 2439 propriis
515 2359 551 2420 et
571 2359 734 2421 exactam
759 2354 889 2439 magis,
916 2358 953 2421 ut
981 2354 1025 2421 ad
1052 2352 1226 2440 optimum

200 2473 332 2538 statum
359 2474 489 2536 cuncta
520 2471 749 2556 proveheret,
778 2469 1012 2557 impendebat
1039 2465 1234 2536 sollicitu-·

200 2583 335 2679 dinem.
374 2584 477 2652 Unde
514 2565 675 2650 omnium
705 2582 860 2666 gratiam
889 2581 1023 2651 civium
1052 2586 1089 2648 et
1117 2580 1226 2649 etiam
1256 2569 1259 2579 ’

200 2695 420 2783 principum,
438 2695 499 2782 qui
517 2695 760 2764 infidelitatis
783 2696 1067 2782 perseverabant
1089 2693 1225 2778 debito,

200 2809 269 2878 sibi
300 2817 575 2896 comparaverat
604 2807 921 2877 cumulatioremt.
948 2831 966 2874 >r
993 2809 1084 2887 Quid
1112 2807 1227 2892 igitur

200 2945 243 2992 ex
258 2925 317 2993 his
336 2924 619 3010 intelligendum
634 2927 647 2992 t
664 2924 883 2992 Antiocheni
900 2923 1056 3010 gratiam
1073 2921 1224 2992 Fulconi

199 3038 486 3124 habebantquod
497 3037 657 3105 officium
672 3037 771 3120 regis
784 3041 976 3106 exsecutus
989 3041 1085 3104 esset
1092 3055 1102 3120 ;
1113 3054 1224 3121 seque

199 3151 307 3216 fidem
334 3149 563 3236 praestituros
591 3156 626 3218 et
651 3149 828 3218 rectori-a
852 3169 940 3234 rege
966 3154 1160 3234 antequam
1185 3147 1223 3214 in

198 3283 352 3348 regnum
379 3271 625 3332 reverteretur
653 3262 871 3331 constituto3
904 3262 1113 3330 obedituros
1144 3279 1224 3329 esse

197 3377 479 3465 pollicebantur.
500 3381 651 3463 Jamque
676 3376 910 3464 interpretari
935 3377 1022 3444 licet
1043 3374 1130 3462 quid
1155 3376 1222 3443 Or-

196 3489 343 3557 dericus
368 3489 501 3558 Vitalis
526 3491 570 3556 de
598 3488 766 3557 Balduini
792 3507 930 3574 genero
958 3486 1224 3574 significaverit

196 3605 255 3672 his
270 3603 392 3672 verbis
410 3622 417 3672 :
438 3626 455 3670 «
480 3606 647 3688 Regnum
668 3604 898 3672 Hierusalem
921 3609 956 3672 et
979 3601 1223 3689 principatum

232 3938 257 3994 r.
278 3939 415 3994 willelm.
432 3939 510 4009 ryr„
526 3939 544 3993 1.
561 3937 634 4007 xiv,
649 3952 675 3992 o.
692 3936 725 4005 v,
742 3922 793 4006 pp.
809 3933 872 4004 ela,
891 3934 953 3990 ere.

230 4083 256 4138 n.
276 4083 320 4139 n.
336 4100 366 4154 p.
381 4083 444 4140 ore.

229 4229 256 4285 3.
278 4230 372 4294 Quem
393 4230 499 4299 Tyrius
521 4187 706 4301 Rainaldum,
729 4232 928 4303 cognamente
949 4230 1099 4298 Marsum,
1125 4227 1220 4285 luisse

194 4317 284 4375 docet
297 4314 352 4388 (Ib.
367 4331 396 4389 p.
413 4314 488 4386 614).
