3128 5036
359 544 400 610 36
689 560 734 608 nn
754 559 918 610 runcorus
938 558 1059 610 nocuo.

360 703 580 790 Antiochiae,
608 723 690 791 quae
720 704 954 773 famosissimi
983 706 1181 776 bellatores
1204 705 1265 776 vix
1288 706 1395 776 obti-

361 826 531 904 nuerant,
550 819 656 888 facile
674 819 911 907 possedit1.»

406 934 441 1004 Si
464 934 560 1020 quie,
585 953 629 1002 ea
650 933 892 1020 pernoscendi
915 933 1069 1022 cupidus
1094 935 1138 1003 de
1161 935 1295 1022 quibus
1319 937 1392 1004 hoc

361 1051 441 1118 loco
464 1048 655 1136 quaeritur,
673 1066 732 1115 res
748 1047 930 1135 posterius
951 1068 971 1116 a
993 1049 1152 1117 Fulcone
1169 1054 1269 1118 actas
1285 1071 1393 1138 pers·

359 1167 483 1254 piciet‚
515 1172 649 1252 quanta
680 1165 842 1252 potentia
873 1185 936 1234 rex
965 1165 1320 1254 Hierosolymitanus
1351 1169 1390 1236 iu

359 1281 565 1369 principum
578 1278 1390 1366 regionibusvalueritvidebit.Antiocheuos

359 1396 471 1479 enim,
489 1414 570 1464 cum
591 1412 717 1462 eorum
735 1397 857 1479 partes
873 1411 969 1460 anno
990 1395 1078 1461 1132
1099 1413 1233 1479 magne
1248 1398 1386 1463 Turco-

359 1531 436 1580 rum
462 1531 590 1579 manus
615 1529 659 1579 ex
682 1509 880 1597 improviso
906 1509 1053 1590 invasit,
1077 1511 1186 1596 tueri,
1215 1516 1387 1598 tanquam

277 1671 280 1676 ·
360 1629 527 1715 proprios
566 1627 754 1710 homines,
790 1626 1009 1714 suscepit²;
1047 1633 1083 1695 et
1120 1627 1166 1695 ad
1205 1628 1387 1697 civitatem

359 1748 457 1810 metu
481 1745 559 1828 J'am
589 1743 836 1829 perturbatam
866 1743 1057 1812 maturatis
1086 1744 1248 1829 perrexit
1271 1745 1386 1812 itine-

361 1859 474 1926 ribus.
501 1861 551 1926 Eo
581 1863 771 1945 postquam
802 1877 865 1926 rex
888 1858 1066 1946 pervenit,
1095 1860 1256 1928 defuncti
1279 1861 1385 1948 priu-

360 1971 453 2058 cipis
469 1971 670 2040 Boamundi
692 1977 814 2057 partes
838 1971 1021 2058 suscepit;
1046 1976 1094 2056 et,
1118 1977 1156 2039 ut
1177 1992 1385 2041 accommo-

360 2084 482 2154 datius
512 2086 556 2152 ad
585 2084 776 2152 veritatem
800 2083 977 2168 dicamus,
995 2084 1087 2172 ipse,
1113 2085 1264 2172 perinde
1292 2086 1388 2155 acsi

361 2201 532 2288 princeps
554 2206 664 2284 esset,
689 2199 868 2268 militares
897 2200 1022 2287 copias
1051 2201 1218 2270 exomni
1245 2202 1387 2290 princi-

362 2322 462 2404 patu,
479 2317 574 2386 sicut
596 2322 702 2384 antea
726 2335 770 2385 ex
790 2317 937 2404 proprio
960 2337 1076 2403 reguo
1094 2319 1279 2404 universo,
1296 2339 1388 2388 con-

363 2429 523 2513 vocavit,
555 2431 750 2516 hostesque
781 2428 979 2497 debellavit
1007 2431 1052 2497 ad
1083 2429 1266 2499 Harenc³.
1303 2435 1388 2499 Tum

362 2542 592 2612 Antiochiam
629 2561 797 2610 reversus
831 2542 1205 2630 Fulco'principatus
1242 2546 1389 2630 negotia

358 2679 428 2744 pro
451 2659 561 2724 libero
584 2658 749 2756 arbitrio,
769 2662 807 2724 ut
831 2657 882 2724 ait
905 2657 1047 2744 Tyrius,
1064 2659 1283 2745 disposuit⁴.
1306 2665 1390 2731 Ete-

363 2772 439 2838 nim
455 2774 601 2839 chartas
618 2772 782 2857 reperias
803 2770 936 2858 quibus
956 2791 1020 2840 rex
1037 2773 1390 2861 Hierosolymitanus

365 2888 560 2976 privilegia
585 2895 622 2956 ut
645 2893 765 2956 rector
786 2891 828 2956 o'c
856 2891 995 2958 baiulus
1017 2890 1242 2976 principatus
1264 2894 1390 2960 Autro-

364 3000 512 3085 eunom,
543 3002 600 3068 vel
637 3001 776 3069 botulus
804 3006 839 3068 et
869 2999 990 3069 tutor6
1025 3003 1195 3072 concedit
1223 3003 1390 3092 donaque

401 3232 427 3287 r.
450 3232 519 3287 cru.
535 3231 603 3300 vu,
621 3236 641 3287 t.
658 3232 704 3301 iv,
721 3233 739 3286 1.
756 3232 819 3302 xri,
835 3247 861 3288 e.
878 3233 1000 3304 xuvru,
1016 3250 1047 3304 p.
1063 3232 1125 3289 tou.

400 3342 427 3398 2.
448 3343 585 3398 Willelm.
609 3343 688 3412 Tyn,
713 3345 732 3397 l.
756 3343 831 3412 XIV,
852 3357 877 3398 c.
901 3344 949 3412 Vi,
971 3359 1001 3412 p.
1021 3343 1074 3398 611
1099 3359 1105 3398 :
1132 3362 1145 3394 o
1165 3345 1209 3399 De
1231 3349 1312 3400 stetu
1337 3345 1392 3400 sibi

365 3426 520 3482 commissi
541 3425 737 3495 principatus
756 3430 787 3480 et
808 3426 906 3480 salute
927 3427 956 3480 in
977 3440 1013 3481 eo
1035 3426 1219 3497 degentium,
1233 3427 1392 3496 plurimum

367 3525 484 3566 anxius.
504 3529 514 3560 a

400 3621 427 3676 3.
449 3619 491 3676 1u.
508 3635 534 3675 ο.
551 3621 612 3690 vn,
628 3636 658 3690 p.
674 3619 737 3676 oro.

401 3731 428 3785 1.
448 3728 492 3784 16.
518 3745 543 3785 c.
569 3731 617 3800 IX,
642 3745 672 3800 p.
698 3729 773 3786 618;
794 3749 806 3782 u
827 3730 992 3786 Antiochiae
1014 3731 1202 3800 principatus
1222 3746 1277 3801 pro
1301 3732 1392 3786 libero

368 3816 489 3872 arbitrio
505 3816 670 3884 disponens
683 3815 813 3884 negotia,
835 3815 934 3869 clarus
951 3815 1118 3870 habebatur
1131 3815 1302 3885 admodum,
1320 3817 1393 3871 duo·

368 3916 434 3956 rum
461 3915 622 3968 regnorum
651 3900 866 3969 moderamina,
894 3899 992 3954 divina
1017 3900 1188 3968 provisione
1217 3902 1342 3956 sortitus
1364 3906 1394 3956 et

367 3986 397 4039 in
411 3989 539 4053 utroque
555 3985 709 4054 prosperis
724 3984 863 4052 affluens,
881 3985 1026 4052 populum
1041 3998 1109 4039 curn
1124 3985 1215 4053 plena
1229 3985 1394 4055 tranquilli-

367 4074 429 4124 tate
444 4069 593 4124 tuebatur.
616 4088 627 4118 u

401 4179 428 4235 5.
450 4178 533 4234 Cart.
549 4177 580 4235 S.
597 4177 676 4248 Sep,
694 4189 727 4232 n⁰
742 4177 787 4248 85,
804 4193 854 4248 pp.
870 4175 932 4247 165,
949 4175 1011 4247 166,
1024 4191 1094 4234 aun.
1109 4177 1191 4234 1133.

402 4285 429 4344 6.
450 4285 493 4344 lb.
510 4297 543 4343 n⁰
558 4285 603 4357 86,
618 4301 669 4360 pp.
686 4285 748 4359 166,
770 4285 828 4357 167,
845 4301 915 4343 eun.
931 4285 1011 4343 1135.
