3128 5036
358 512 400 578 50
685 527 730 584 nn
750 525 915 574 runcorus
936 526 1058 575 nncuo.

359 672 432 742 tius
457 674 501 741 de
526 670 720 742 Antiochia
746 677 782 740 et
809 669 980 740 Laodicia
1008 669 1125 758 captis
1154 671 1288 739 allatus
1322 675 1396 755 est,

357 785 500 856 litteras
515 785 680 856 videmus
704 785 748 854 ah
768 785 896 854 Alexio
913 784 1042 854 missas
1058 783 1190 872 quihus
1200 785 1263 870 jus
1280 803 1397 852 sunm

357 904 567 986 reposceret
590 919 702 988 seque
728 900 916 968 nuntiaret
936 894 1174 982 venturum13
1200 917 1221 966 a
1246 897 1395 966 Latinis

355 1034 443 1084 vero
458 1034 675 1103 responsum
690 1019 746 1084 est
756 1014 936 1102 Alexium,
948 1033 1030 1082 cum
1042 1013 1274 1081 Antiochiam
1292 1013 1397 1082 obsi-

355 1132 526 1202 dentibus
557 1130 743 1220 suppetias
773 1150 846 1199 non
873 1129 1017 1213 ivisset,
1049 1128 1165 1216 pactis
1194 1129 1395 1198 conventis

355 1248 515 1335 priorem
555 1243 799 1332 derogasset.
839 1245 940 1322 Quod
983 1243 1122 1314 Latinis
1162 1242 1396 1329 objiciebant

354 1361 493 1446 Graeci,
523 1361 620 1429 idem
650 1359 769 1429 Latini
796 1358 947 1444 Graecis,
980 1377 1062 1427 cum
1090 1357 1129 1425 in
1159 1357 1393 1427 seinvicem

356 1477 501 1564 utrique
518 1481 774 1563 retorquerent
792 1473 1006 1560 perjurium.
1025 1473 1107 1540 Suae
1122 1471 1245 1558 gentis
1262 1479 1393 1558 partes

355 1594 482 1658 tenent
496 1588 676 1658 historici.
700 1586 841 1656 Etenim
867 1588 972 1654 Anna
991 1586 1175 1653 comnena
1198 1603 1270 1652 non
1295 1590 1392 1652 satis

355 1703 625 1790 reprehendere
651 1737 663 1764 ι
680 1708 729 1783 τὴν
743 1714 790 1771 τοῦ
804 1707 966 1790 Βαιμιύνδοο
980 1707 1075 1769 κακίαν
1092 1733 1105 1764 ν
1131 1698 1270 1787 potest³
1286 1719 1295 1786 3
1322 1720 1390 1770 co·

356 1835 433 1884 ram
447 1815 565 1884 Alexii
581 1816 657 1884 filia
671 1833 857 1902 nunquam
874 1815 1106 1882 Boamundus
1118 1815 1274 1900 gratiam
1286 1814 1391 1882 inve-

355 1930 433 2000 nit:
454 1965 466 1992 ι
489 1936 598 2007 Ὁποῐος
619 1941 716 2005 ἐκεῖνος
731 1937 810 2008 δεξιὸς
823 1929 884 2012 ἦθος
900 1934 1035 2021 ἀνθρώπου
1055 1939 1081 1997 ἐν
1101 1941 1199 2020 βραχεῖ
1211 1941 1390 2018 καταμαθεῖν,

355 2044 400 2108 καὶ
422 2050 470 2120 τῆς
491 2047 571 2107 αὒτοθ
594 2047 701 2128 δολερᾶς
720 2043 766 2105 καί
790 2047 968 2118 ἀποστατικῆς
989 2040 1097 2125 γνώμης
1120 2044 1270 2128 κατάληψιν
1290 2043 1389 2127 ἀκριόῆ

355 2250 385 2305 p.
410 2235 482 2306 434,
510 2235 672 2305 ΒαΙόιἸοιιε,
693 2237 712 2290 l.
738 2237 761 2304 Ι,
786 2251 811 2290 c.
838 2236 896 2304 XX,
923 2250 953 2304 p.
977 2235 1028 2306 253
1055 2235 1187 2291 Gnibert.
1214 2235 1388 2305 Novigent„
1492 2266 1504 2288 .

355 2322 374 2375 l.
392 2321 442 2390 ΙΙΙ,
459 2336 485 2375 c.
506 2322 552 2390 IV,
569 2336 620 2389 pp.
641 2319 943 2390 154,155;Wiue1n1.
965 2320 1043 2389 Tyn,
1059 2321 1077 2374 l.
1098 2320 1136 2390 ΙΙ,
1153 2335 1178 2375 c.
1201 2320 1259 2390 XV,
1281 2335 1311 2388 p.
1333 2319 1387 2392 933

356 2406 443 2463 Mich.
460 2404 537 2460 Hist.
555 2406 605 2458 dos
620 2404 725 2475 Greia,
743 2411 763 2459 t.
781 2405 804 2475 Ι,
821 2419 850 2473 p.
867 2403 929 2459 196.

391 2527 419 2582 l.
440 2528 525 2581 Anna
540 2527 690 2581 Comnenu
705 2526 821 2580 litteras
841 2526 878 2579 ab
894 2526 996 2580 Alexio
1014 2525 1125 2580 missas
1143 2525 1294 2594 enunciat,
1312 2527 1331 2579 l.
1349 2525 1388 2580 XI

358 2619 445 2686 (unt.
464 2619 568 2689 urea,
586 2625 606 2675 t.
620 2621 642 2689 1,
659 2635 688 2688 p.
705 2621 741 2688 u,
759 2634 788 2688 p.
805 2618 852 2688 τι)
871 2636 876 2674 ;
896 2635 909 2663 «
926 2611 969 2669 ιν
988 2607 1064 2692 ὅρκια
1086 2597 1155 2678 aa.
1174 2609 1219 2670 και
1237 2608 1283 2678 τις
1305 2612 1388 2688 ἐπαγ.

356 2702 457 2783 γελισίς,
482 2700 512 2770 ἃς
534 2706 580 2762 οὐκ
601 2701 677 2770 αὐτὸς
702 2700 789 2782 μόνος,
813 2699 881 2761 ἀλλὰ
905 2700 950 2762 καὶ
972 2701 1086 2770 ἅπαντας
1103 2702 1168 2786 πρὸς
1187 2700 1236 2775 τλν
1253 2701 1388 2783 βασιλείαν

364 2796 509 2878 Ῥωμαίων
537 2795 705 2870 ἐποιήσαντο.
734 2798 789 2856 Νῦν
815 2793 841 2854 δὲ
865 2795 942 2862 αὐτὸς
964 2799 1066 2878 πρῶτος
1086 2795 1319 2879 παρασπονδήσας,
1338 2794 1388 2868 τλν

361 2889 532 2972 Ἀντιόχειαν
554 2890 693 2972 κατέσχες,
715 2889 761 2950 καί
783 2887 927 2950 ἄλλ’όττα
950 2889 1075 2973 ιρροόρια,
1098 2889 1327 2970 θπιποιησοίμενος
1342 2889 1388 2950 καὶ

359 2984 440 3059 αὐτὴν
455 2984 486 3059 δὴ
499 2983 548 3059 τλν
563 2985 731 3047 Λαοδίκειαν.
753 2982 899 3058 Ἀπόστηθι
915 2983 1000 3045 τοίνυν
1013 2990 1060 3059 τῆς
1081 2983 1183 3052 πόλεως
1197 2982 1328 3064 Αντιόχου
1343 2983 1389 3043 καὶ

358 3086 411 3141 τῶν
426 3083 513 3140 ἄλλων
530 3079 652 3140 ἁπάντων
666 3078 765 3140 δίκαιόν
785 3104 811 3140 τι
831 3090 943 3163 πρᾶγμα
961 3084 1054 3159 ποιῶν,
1070 3078 1115 3139 καὶ
1131 3077 1168 3159 μὴ
1184 3077 1243 3138 θέλε
1257 3076 1388 3157 πολέμους

359 3173 454 3240 ἄλλους
481 3169 526 3232 καλ
551 3171 641 3253 μάχας
668 3169 737 3232 κατδι
762 3176 859 3232 σαυτοῦ
883 3171 1013 3254 ἐρεθίζειν.
1040 3197 1053 3224 ν
1087 3181 1127 3236 cf.
1149 3180 1286 3235 willelm.
1307 3180 1385 3249 Tyr„

358 3268 377 3324 1.
399 3267 459 3337 vu,
481 3281 506 3321 c..
521 3267 581 3336 xx,
600 3282 629 3334 p.
645 3265 708 3322 307.

393 3388 420 3443 2.
441 3390 549 3444 Datum
565 3393 596 3444 et
615 3404 633 3443 a
652 3389 826 3444 Boamundo
846 3403 1029 3458 responsum
1048 3389 1134 3442 Anna
1153 3387 1305 3442 comnena
1325 3399 1387 3439 me-

360 3489 456 3537 morat
471 3481 559 3551 (Hier.
579 3482 682 3552 Graec„
701 3482 739 3537 ib.
755 3483 800 3551 75)
823 3499 828 3537 z
849 3501 861 3526 ν
880 3471 1080 3554 ελ’ποσχόμενος
1102 3469 1152 3555 γὰρ
1176 3469 1285 3531 κατόπιν
1308 3473 1386 3550 ἡμῶν

359 3565 427 3648 μετδι
441 3567 576 3648 δυνάμεως
591 3566 713 3650 ἔρχεσθαι
731 3571 842 3646 πολλῆς,
865 3572 910 3628 οὐκ
928 3567 1060 3641 ἠθέλησας
1079 3565 1127 3640 τλν
1148 3564 1290 3646 ὑπόσχεσιν
1305 3565 1388 3646 ἔργοις

357 3657 641 3742 πιστώσασθαι,·ἡμε;ς
651 3659 678 3722 δὲ
688 3661 736 3735 τὴν
753 3660 911 3744 Ἀντιόχειαν
920 3660 1115 3728 καταλαόόντες
1129 3661 1175 3721 καλ
1188 3660 1231 3719 ἐπί
1241 3659 1310 3742 τρισὶ
1321 3659 1388 3739 μησὶ

357 3753 443 3816 πολλὰ
463 3754 626 3835 μογίσαντες
641 3755 705 3839 πρὸς
721 3756 861 3838 πολεμίους
881 3755 1125 3837 παρεσχόμεθα...
1142 3753 1198 3815 Καὶ
1218 3758 1274 3820 πῶς
1288 3752 1387 3814 δίκαιόν

358 3849 427 3907 ἐστιν
454 3847 521 3929 ἅπερ
552 3845 654 3915 σίκειόις
679 3849 770 3934 ἱδρῶσι
794 3849 839 3910 καλ
862 3848 949 3916 πόνοις
973 3849 1156 3929 ἐκτησάμεθα,
1183 3847 1278 3933 ρσρδίως
1306 3845 1388 3917 οἷίτως

357 3943 588 4018 α’ποποιήσασθαι,
607 3969 619 3996 ν

391 4073 417 4130 3.
440 4075 526 4129 Anna
542 4075 703 4145 comnena,
721 4078 738 4130 l.
756 4078 780 4131 X
795 4076 882 4146 (Hist.
898 4077 1002 4146 Grec„
1019 4081 1040 4131 t.
1054 4077 1076 4143 Ι,
1095 4090 1124 4144 p.
1142 4076 1178 4144 ΙΙ,
1195 4091 1225 4143 p.
1241 4073 1297 4143 35).
1313 4073 1386 4130 Vide

357 4170 458 4238 etiam,
484 4170 501 4224 l.
523 4170 561 4224 XI
582 4168 630 4238 (ib.
651 4184 680 4238 p.
697 4169 743 4236 75)
754 4171 782 4224 in
794 4186 853 4239 quo
865 4171 995 4226 dictum:
1017 4186 1029 4212 «
1053 4157 1161 4232 Ἐπειδὴ
1180 4157 1216 4240 μὴ
1232 4163 1270 4242 τῷ
1283 4158 1386 4232 συνήθει

356 4254 445 4345 ψεύδει
459 4253 609 4338 χρήσασθαι
624 4239 676 4323 οἶός
689 4278 718 4314 τε
732 4245 774 4330 ἦν.
788 4280 801 4308 ν
