3128 5036
528 542 637 595 onrur
667 545 860 600 ssounouu.
1168 528 1208 594 25

180 693 344 781 Denique
370 693 495 776 Fulco,
519 713 600 761 cum
621 712 642 761 a
661 669 1066 780 Constantinopolitano
1085 691 1206 779 impe·

179 814 302 876 ratore
318 809 458 875 Joanne
476 812 515 873 ut
534 825 573 873 se
589 806 818 875 Hierusalem
839 807 977 874 intrare
999 807 1138 874 sineret
1153 813 1208 874 est

179 918 417 1006 efflagitatus,
435 919 630 989 consilium
644 918 810 989 babuit1.

223 1037 405 1112 Quantum
416 1032 525 1101 Curia
540 1033 578 1100 in
595 1053 710 1119 regno
727 1034 889 1118 regendo
903 1034 1074 1120 potuerit,
1091 1034 1205 1104 vides.

178 1149 488 1228 Quemadmodum
511 1167 573 1215 rex
589 1149 700 1215 Fulco
717 1148 856 1216 nullam
872 1167 1032 1231 causam,
1050 1149 1122 1217 nisi
1138 1153 1208 1218 Cu-

179 1261 273 1330 riam
300 1261 402 1348 prius
432 1261 681 1344 consuluerat,
709 1259 945 1346 dijudicavit,
970 1261 1022 1330 sic
1052 1261 1208 1330 consilia

179 1377 261 1461 ejus
274 1374 384 1442 facile
398 1393 542 1460 semper
555 1373 682 1442 audiit.
701 1375 822 1442 Suasit
837 1374 943 1442 Curia
956 1375 1035 1460 regi
1053 1382 1091 1443 ut
1106 1375 1208 1462 prius

178 1485 429 1574 Tripolitanis,
452 1485 586 1554 debinc
617 1491 736 1553 autem
765 1486 1005 1555 Antiochenis
1034 1506 1209 1555 succure-

179 1599 287 1688 ret23
327 1600 562 1669 Damascenis
600 1619 705 1687 opem
744 1599 910 1686 ferret³;
951 1601 1208 1688 imperatorem

179 1733 263 1782 cum
298 1711 595 1799 frequentissimo
625 1712 787 1780 exercitu
821 1719 1013 1782 venturum
1043 1734 1209 1783 semove-

178 1826 275 1896 ret⁴.
296 1831 349 1897 lta
367 1847 387 1895 a
403 1817 562 1895 Fulcone
579 1828 727 1896 iactum.

224 2064 289 2130 ΙΙΙ.
307 2098 350 2114 -
370 2060 484 2146 Regis
514 2061 714 2128 familiares
749 2065 784 2128 et
814 2061 925 2129 aulici
958 2061 1051 2129 nibil
1080 2068 1207 2131 contra

179 2194 370 2262 procerum
398 2175 622 2240 voluntatem
652 2173 772 2241 lacere
803 2180 982 2262 poterant.
1011 2175 1207 2261 Nunquam

179 2289 291 2356 Fulco
325 2288 382 2356 sui
416 2286 610 2354 comitatus
644 2287 799 2355 consilia
835 2287 1055 2375 interposuit
1087 2289 1206 2358 Curiae

179 2400 381 2487 superioris
416 2399 595 2468 consiliis.
633 2398 848 2467 Familiares
878 2399 996 2484 enim,
1028 2399 1206 2468 ministris

180 2515 242 2601 qui
259 2514 573 2607 privilegiorum-a
591 2533 677 2598 rege
693 2515 859 2580 datorum
876 2502 987 2581 testes
1003 2515 1208 2583 existebant

179 2627 355 2714 exceptis,
379 2629 481 2695 dolos
508 2627 655 2714 quidem
681 2629 867 2714 malasque
890 2633 986 2695 artes
1010 2647 1208 2715 compone-

178 2743 268 2826 bant
294 2740 358 2809 sed
384 2741 424 2808 in
453 2741 735 2809 administrandi
769 2741 874 2826 regni
911 2742 1096 2810 consortio
1132 2763 1205 2811 non

180 2861 297 2921 erant.
320 2854 449 2921 Aulam
472 2873 546 2920 non
569 2857 651 2920 ante
673 2853 844 2922 Fulconis
864 2859 1018 2941 tempus,
1037 2860 1075 2923 ut
1090 2856 1207 2924 credit

215 3077 241 3132 t.
263 3078 402 3133 wilram.
418 3078 497 3146 ryr,
513 3077 531 3130 l.
549 3077 608 3145 xv,
625 3091 650 3131 ο,
671 3077 743 3146 xm,
759 3093 789 3145 p.
806 3077 868 3132 cor.

213 3187 241 3242 2,
262 3187 304 3242 lb.
333 3188 351 3242 l.
377 3188 449 3257 XIV,
475 3203 500 3242 o.
526 3187 609 3256 XXV,
641 3203 671 3256 p.
696 3187 779 3242 643:
817 3207 830 3239 u
856 3188 969 3243 Placuit
992 3188 1142 3244 universis
1173 3194 1207 3244 ut

178 3273 263 3342 prius
288 3272 463 3327 Christianis
482 3273 510 3325 in
530 3272 626 3326 vicino
646 3277 746 3327 castro
765 3273 890 3342 vallatis,
915 3273 1100 3326 ministretur
1123 3275 1207 3328 auxi-

179 3357 261 3426 lium,
285 3358 365 3425 quod
388 3358 463 3412 satis
482 3357 547 3412 leve
567 3357 747 3428 videbatur;
774 3358 884 3412 dehinc
903 3371 1008 3411 onrues
1027 3359 1207 3413 unanimiter

179 3440 373 3495 Antiochenis
389 3440 574 3507 subventuri,
589 3440 829 3508 progrediantur.
842 3440 1013 3507 Coniunctis
1023 3441 1110 3508 igitur
1125 3441 1207 3496 adin·

178 3525 284 3594 tieem,
308 3531 369 3580 tam
393 3525 505 3580 domiui
525 3526 607 3592 regis
631 3540 719 3594 quam
744 3527 862 3580 comitis
883 3525 1008 3594 viribus,
1041 3532 1072 3580 et
1099 3529 1207 3584 robore

180 3611 335 3679 collocato,
353 3611 490 3664 hostibus
505 3609 672 3664 obviam...
692 3609 834 3677 progredi
850 3610 993 3664 nituntur.
1016 3629 1028 3661 »

215 3719 242 3774 3.
263 3719 305 3773 lb.
330 3720 349 3773 l.
369 3721 427 3788 XV,
448 3733 474 3773 c.
497 3719 559 3787 Vll,
579 3733 608 3786 p.
630 3717 683 3771 669
705 3734 711 3772 ;
739 3737 752 3768 a
776 3720 969 3786 Tandemque
992 3722 1210 3778 communicato

181 3806 348 3860 adinvicem
364 3805 498 3872 consilio,
515 3807 546 3857 et
560 3804 784 3858 deliberationis
800 3804 923 3872 provido
939 3806 1104 3874 libramine,
1122 3811 1210 3875 parti·

182 3891 241 3945 bus
257 3891 402 3958 pensatis,
420 3891 563 3959 optimum
572 3890 755 3956 judicant...
775 3890 1017 3944 Damascenis...
1042 3906 1128 3959 opem
1140 3908 1210 3948 esse

183 3976 347 4030 terendam.
369 3995 380 4026 r
400 3975 440 4031 Cl.
458 3974 585 4029 e.v111:
604 3994 616 4024 u
632 3975 803 4043 Approbato
820 3988 892 4040 ergo
915 3977 1046 4042 generali
1071 3979 1208 4048 consilio,

183 4066 241 4117 etc,
261 4081 271 4110 n

216 4173 243 4226 4.
266 4171 308 4227 lb.
324 4172 343 4225 l.
362 4170 419 4239 XV,
435 4185 461 4225 o.
477 4171 549 4238 XXI,
566 4185 595 4239 p.
611 4168 660 4223 69l
682 4185 688 4223 :
712 4189 724 4220 (ι
746 4170 809 4225 Rex
829 4174 940 4238 autem,
958 4170 1059 4225 habito
1074 4175 1208 4240 consilio,

183 4255 221 4310 ad
238 4256 304 4323 eJ'us
318 4254 494 4322 petitionem
509 4266 657 4320 responsa
672 4252 803 4306 terentes
819 4252 939 4305 nuntios
953 4253 1085 4307 remittit.
1104 4272 1114 4302 ›l

1058 4369 1076 4426 t
