3128 5036
528 547 635 599 clrur
665 545 856 598 secunaum
1166 531 1204 599 31

174 692 460 780 diligentissime
477 693 754 762 commendabat
770 694 804 761 S.
820 693 1029 760 Bernartius
1043 690 1081 759 in
1098 694 1207 761 fidem

174 826 279 876 suam
314 807 454 895 recepit
485 804 742 894 peregrin0s¹.
780 807 849 874 Illa
885 805 1000 890 igitur
1039 805 1207 874 instituta

174 923 386 1011 hospitalia,
401 943 483 1010 quae
498 927 627 991 Petrus
639 924 683 991 de
700 926 814 990 Bosco
830 927 912 1009 post
927 940 1043 991 annos
1059 929 1205 990 centum

175 1047 212 1108 et
244 1038 515 1126 quinquaginta
546 1039 772 1108 restituenda
802 1035 966 1123 suasitt,
997 1038 1205 1108 Milisendis

175 1155 284 1225 simul
310 1175 352 1225 ac
377 1158 488 1225 Fulco
514 1155 723 1225 condidisse
747 1155 903 1223 videtur.
931 1158 1056 1243 ltaque
1083 1175 1203 1241 neme,

174 1276 354 1356 regnante
379 1272 551 1356 Fulcone,
569 1272 654 1356 J'ure
678 1276 827 1356 questus
850 1276 947 1339 esset
968 1270 1204 1339 Palaestinam

174 1383 434 1472 inhospitalem
452 1405 545 1454 esse.

593 1519 784 1618 concnuslo

218 1750 295 1815 Hoc
311 1746 425 1832 igitur
437 1746 475 1814 in
493 1753 618 1834 aperto
634 1752 690 1815 cst
706 1766 714 1815 :
734 1749 857 1832 FulcO,
880 1746 1046 1834 quamvis
1062 1749 1203 1817 nullum

173 1859 247 1928 nisi
274 1878 384 1927 uxore
409 1864 594 1926 annuente
623 1858 856 1945 privilegium
884 1857 1038 1943 dederit,
1067 1879 1134 1928 nec
1158 1861 1203 1929 de

173 1975 251 2043 ulla
266 1994 304 2042 re
321 1973 392 2042 nisi
409 1973 634 2041 assentiente
653 1993 845 2060 procerum
862 1980 1043 2043 conventu
1054 1974 1202 2062 judica-

171 2087 267 2156 verit
291 2092 353 2154 aut
375 2087 592 2171 decreverit,
619 2087 867 2175 principatum
893 2087 1051 2156 feliciter
1070 2108 1201 2174 regere

172 2207 209 2269 et
224 2201 392 2269 homines
403 2200 575 2268 factiosos
587 2220 713 2268 arcere
728 2201 853 2269 valuit.
870 2200 1069 2270 Discordiis
1085 2202 1201 2270 inter·

169 2317 272 2385 venit
285 2316 488 2384 aulicorum
500 2335 510 2402 3
535 2315 723 2384 discordes
743 2316 865 2400 coegit
887 2318 930 2383 ad
952 2337 1079 2403 pacem
1095 2337 1199 2385 com·

170 2430 389 2519 ponendam.
407 2433 457 2516 Eo
474 2430 592 2516 magis
608 2431 803 2498 concordia
818 2450 907 2518 opus
920 2438 998 2499 erat
1014 2431 1111 2517 quod
1127 2451 1200 2499 non

171 2551 310 2615 tantum
327 2543 549 2631 principatui
565 2545 627 2612 sed
644 2549 680 2612 et
699 2543 868 2612 universo
885 2564 999 2630 regno
1016 2545 1211 2614 adminisa

170 2661 300 2729 trando
317 2666 353 2727 et
368 2658 588 2728 stabiliendo
612 2659 783 2747 princeps
805 2666 964 2746 praeerat
984 2659 1198 2746 Hierosoly-

171 2772 343 2841 mitanus.

214 2886 329 2955 Nobis
348 2885 431 2954 ideo
448 2904 538 2973 quas
555 2905 614 2953 res
630 2905 710 2953 cum
728 2885 968 2954 Antiochenis
984 2883 1203 2954 Edessanis·

172 3019 241 3086 que
263 3018 304 3067 ac
330 2997 566 3086 'tripolitanis
588 2997 818 3085 principibus
843 2999 954 3066 Fulco
980 2995 1204 3066 contraxerit

166 3114 244 3199 jam
258 3110 578 3180 considerandum.

207 3315 233 3368 l.
254 3315 356 3369 Sancti
383 3314 527 3369 Bernardi
556 3328 656 3384 opera,
687 3313 734 3369 ed.
766 3313 913 3384 Mabillon,
945 3320 965 3371 t.
997 3314 1020 3385 l,
1053 3315 1109 3370 col.
1139 3314 1201 3385 495,

171 3401 261 3470 epist.
290 3412 368 3469 ccvi,
391 3413 471 3454 anno
492 3411 577 3454 uuxn
598 3415 604 3454 :
629 3418 639 3448 a
661 3399 826 3454 audierunt
847 3400 985 3455 homines
1005 3400 1085 3468 quod
1103 3400 1202 3455 locum

171 3486 277 3554 gratiae
296 3483 423 3538 habeam
445 3484 525 3553 apud
544 3497 617 3552 vos;
644 3487 674 3537 et
697 3484 781 3537 multi
801 3484 962 3552 profecturi
986 3484 1201 3553 lerosolymam

170 3575 278 3640 petunt
293 3584 327 3624 se
339 3573 450 3624 vestrae
466 3568 653 3623 excellentiae
668 3581 723 3636 per
738 3582 787 3622 me
806 3569 1021 3624 commendari.
1037 3569 1080 3624 Ex
1093 3569 1202 3637 quibus

171 3659 220 3709 est
252 3655 310 3708 iste
340 3653 460 3720 juvenis
488 3652 735 3718 consanguineus
763 3665 859 3720 meus,
886 3653 1016 3722 juvente,
1037 3656 1079 3707 ut
1106 3652 1200 3721 aiunt,

171 3743 316 3795 strenuus
331 3739 360 3791 in
377 3737 479 3806 armis,
491 3737 593 3793 suavis
604 3737 634 3790 in
644 3736 844 3790 moribus...
864 3738 969 3805 ltaque
985 3738 1075 3792 tacite
1086 3751 1206 3798 rnorem¹

169 3827 316 3892 vestrum,
333 3825 363 3876 et
379 3821 456 3875 bene
471 3821 510 3875 sit
525 3821 594 3874 hnic
610 3825 734 3888 propter
749 3834 817 3890 me,
835 3821 915 3874 sicut
929 3822 1040 3876 ceteris
1059 3820 1200 3875 omnibus

168 3906 348 3976 propinquis
358 3905 434 3960 meis
443 3905 507 3974 fuit,
517 3905 567 3973 qui
578 3918 633 3972 per
643 3918 692 3958 me
701 3904 786 3958 vonis
798 3904 988 3960 innotescere
997 3910 1172 3975 potuerunt.
1186 3923 1199 3954 »

171 3991 215 4046 ct.
235 3992 290 4046 ool.
313 3989 376 4060 321,
392 3989 480 4058 epist.
502 4001 833 4058 cucuv,ann0muxu11
856 4004 861 4042 ε
887 3989 1032 4045 «Videtis
1055 3996 1201 4059 quantum

170 4089 351 4147 praesumam
366 4075 403 4129 de
419 4073 513 4143 vobiS,
530 4070 577 4128 cui
592 4073 689 4127 audeo
705 4076 735 4126 et
751 4072 825 4126 alios
840 4074 1064 4128 commendare.
1088 4092 1100 4124 u

205 4194 232 4250 2,
253 4196 361 4250 Petrus
384 4194 422 4248 de
442 4194 547 4263 Bosco,
572 4191 615 4246 De
635 4189 871 4261 Recuperatioue
898 4191 986 4245 Terre
1016 4191 1124 4246 Sancto
1139 4190 1199 4261 led.

170 4281 270 4336 cn-V.
285 4280 434 4349 LangloiS,
450 4278 531 4348 l89l)
546 4292 573 4334 c.
589 4277 634 4349 20,
651 4293 679 4348 p.
697 4275 741 4333 16.
