3128 5036
365 504 405 574 ts
693 521 738 576 na
758 521 925 574 rnneours
946 524 1069 576 nanno.

366 672 433 742 toti
454 672 577 742 olfluio
600 673 734 743 bellico
750 674 898 762 praelnit
923 695 998 744 rex.
1023 674 1101 744 ‘libi
1125 677 1192 744 bos
1214 673 1409 745 exercitus

367 788 472 858 licuit
483 808 568 858 vera
581 789 824 858 aestimatione
839 792 1078 877 perpendere.
1090 791 1236 862 Nemini
1249 792 1408 879 quidem

366 901 515 972 dubium
531 910 587 972 est
597 904 686 990 quin
701 904 908 973 exstiterint
918 905 1122 974 laudabiles
1136 925 1231 989 cum,
1245 912 1407 993 excepta

366 1018 461 1104 apud
485 1020 896 1088 Mentem-Ferrandum
916 1019 1033 1103 clade,
1052 1019 1174 1088 omnia
1199 1021 1405 1089 secundin-

368 1131 459 1200 sima
477 1132 630 1215 Latinis,
642 1134 899 1203 adversissima
913 1135 1039 1203 Tercis
1050 1135 1187 1204 videris
1202 1135 1405 1204 accidisse.

367 1247 535 1312 Attamen
558 1244 625 1315 tibi
649 1247 914 1334 deplorandum
943 1253 998 1315 est
1027 1249 1122 1333 quod
1150 1248 1260 1315 totius
1290 1248 1406 1332 regui

368 1356 511 1444 equites
536 1358 749 1446 peditesque
774 1359 813 1427 in
844 1359 1093 1428 moderamine
1124 1361 1227 1446 regio
1251 1361 1406 1448 plenius

368 1477 476 1559 atque
500 1471 712 1542 adstrictius
734 1492 805 1542 non
832 1473 981 1541 luerint.
998 1476 1153 1560 Tempus
1168 1474 1266 1543 enim
1282 1475 1402 1544 amit-

369 1585 468 1653 tebat
496 1604 559 1654 rex
583 1585 621 1652 in
652 1586 792 1655 nuntiis
821 1586 1009 1654 mittendis
1032 1593 1071 1654 ut
1097 1595 1406 1674 compararentur

368 1700 565 1770 exercitus.
582 1705 852 1790 Nonnunquam
874 1702 1059 1791 principes
1077 1703 1179 1772 dubii
1195 1703 1281 1790 quid
1298 1704 1406 1772 lace-

369 1821 463 1899 rent,
477 1817 667 1885 haerebant
675 1835 685 1901 ;
698 1816 807 1884 lraesit
820 1835 949 1903 nempe
960 1815 1210 1886 antiochenus
1226 1817 1404 1905 princeps

369 1931 414 1999 ab
430 1933 580 2000 obsesso
595 1930 633 1999 in
650 1933 984 2000 Monte-Ferraudo
1005 1950 1092 2016 rege
1107 1931 1296 2001 vocatus¹.
1318 1936 1402 2002 Au-

368 2044 497 2113 xilium
521 2045 591 2114 sibi
617 2065 700 2114 sero
728 2046 896 2114 oblatum·
916 2065 979 2114 rex
1003 2045 1336 2132 conquerebatur2.
1364 2049 1403 2114 Sl

370 2179 429 2228 res
456 2180 528 2228 nou
555 2161 606 2228 ita
625 2180 664 2229 se
689 2161 921 2245 habuissent,
946 2161 1095 2230 dubium
1119 2168 1174 2230 est
1196 2181 1282 2230 nurn
1307 2164 1405 2230 San-

369 2273 506 2359 guinns
530 2281 688 2342 castrum
713 2275 913 2362 appetitum
943 2275 1156 2363 accepisset.
1190 2279 1277 2344 Haec
1302 2296 1403 2344 enu-

369 2388 487 2456 cleate
503 2393 682 2457 monstrat
696 2387 836 2474 Tyrius,

417 2643 463 2710 ll.
481 2680 523 2695 -
538 2647 735 2713 Turdorum
759 2644 803 2715 ab
826 2642 1099 2714 incursionibus
1122 2661 1194 2712 non
1216 2642 1306 2713 satis
1321 2649 1405 2712 erat

371 2756 1441 2844 regnumtueri.CumCiliciamelSyrieeeaspartesqnas¹
1552 2777 1553 2834 ς

371 2871 463 2939 citra
481 2871 716 2940 Palaestinam
733 2872 822 2940 sitas
837 2871 1027 2958 Crucigeri
1049 2871 1120 2939 iter
1140 2871 1317 2940 facientes
1333 2891 1403 2940 oe·

372 2993 608 3071 separarent,
626 2991 798 3071 tanquam
822 2984 989 3072 proprias
1003 2984 1206 3053 vindicaret
1221 2987 1406 3054 Conslan-

369 3097 638 3184 tinopolitanus
654 3100 869 3184 Imperator,
892 3116 1043 3167 necesse
1065 3103 1143 3165 erat
1165 3099 1405 3185 Imperatoris

372 3211 540 3280 consiliis
556 3212 685 3280 obniti.
701 3214 848 3280 Graecos
864 3215 1016 3300 perinde
1033 3232 1074 3280 ae
1090 3217 1224 3282 Turces
1240 3233 1304 3301 pro
1320 3216 1406 3282 bos-

373 3325 470 3394 tibns
487 3325 694 3394 habuerunt
710 3327 842 3394 Latini.
869 3328 921 3394 Ab
942 3327 999 3396 his
1022 3334 1119 3395 recte
1141 3347 1187 3395 an
1210 3347 1403 3416 perperam

367 3437 602 3525 jndicatuml
630 3440 723 3507 Sane
746 3440 853 3508 Turci
877 3442 922 3508 ab
952 3439 1037 3508 Asia
1064 3439 1204 3509 Minore
1234 3448 1270 3509 et
1298 3441 1403 3526 Syria

372 3666 406 3716 ut
430 3661 597 3732 principem
619 3663 849 3734 Antiochenum,
871 3668 901 3718 et
921 3663 1109 3719 Edessanum
1134 3664 1274 3720 cornitem
1303 3664 1406 3718 Josce-

373 3747 466 3800 linum
481 3746 634 3801 JnnIorem
655 3748 685 3800 in
701 3761 789 3802 suum
807 3748 967 3802 sollicitent
981 3747 1150 3802 subsidium
1166 3764 1173 3820 3
1191 3747 1406 3815 dominumque

374 3832 649 3900 Hierosolymorum
677 3833 879 3901 patriarcham
908 3847 976 3887 curn
1003 3835 1153 3888 universis
1178 3834 1263 3900 regui
1286 3834 1406 3901 populis

374 3915 517 3986 invltent;
544 3921 574 3970 et
598 3916 717 3972 interim
741 3931 845 3972 eorum
873 3932 1054 3986 quocunque
1079 3918 1165 3974 modo
1192 3920 1407 3988 praeetolentur

374 4002 546 4056 adventum.
569 4020 581 4052 u

410 4121 436 4182 l.
458 4124 595 4181 Willelm.
612 4125 691 4198 Tyr,
707 4127 725 4182 l.
741 4125 814 4198 XIV,
831 4143 857 4183 e.
874 4126 972 4198 XXVI,
987 4144 1016 4198 p.
1033 4127 1094 4186 646.

411 4246 438 4306 2.
458 4245 501 4306 Ib.
519 4251 537 4305 l.
553 4249 626 4321 XIV,
643 4265 670 4305 c.
685 4249 782 4322 XXIX,
798 4266 828 4323 p.
842 4250 904 4309 651.
