3128 5036
369 527 390 591 6
698 543 742 589 uu
764 541 927 589 auucours
947 541 1071 590 aucun.

370 708 392 758 a
407 689 566 756 Fulcone
582 686 621 755 in
636 687 783 757 vincula
799 687 989 774 conjectio,
1007 688 1337 759 excommunicatio
1353 691 1402 760 ab

371 801 533 870 Honorio
562 801 776 869 denuntiata
808 808 864 870 est
892 808 1064 889 terraque
1102 804 1146 871 ad
1177 802 1402 888 condignam

371 934 486 1001 usque
502 913 789 983 satisfactionem
805 914 1002 984 interdicto
1019 914 1247 1002 supposita1.

415 1033 492 1098 Rex
514 1035 640 1115 postea
663 1030 812 1097 effectus
835 1029 945 1097 Fulco
971 1035 1073 1097 tanta
1094 1029 1331 1115 liberalitate,
1353 1032 1400 1099 ad

370 1145 600 1232 superiorum
624 1164 751 1230 regum
777 1145 996 1232 exemplum,
1020 1144 1058 1213 in
1085 1145 1207 1214 Sancti
1233 1147 1400 1234 sepulcri

370 1259 567 1329 canonicos
585 1279 671 1328 usus
692 1258 766 1328 est2
790 1265 828 1328 ut
847 1279 930 1327 eum
955 1259 1031 1327 «in
1054 1259 1226 1347 operibus
1251 1261 1399 1348 pietatis

369 1381 406 1444 et
421 1377 737 1462 eleemosynarum
749 1374 946 1460 largitione
961 1374 1154 1444 liberalem
1169 1375 1361 1444 admodum
1375 1397 1397 1442 a

370 1497 517 1559 vocaret
540 1488 710 1578 Tyrius³.
739 1490 894 1576 Reginae
924 1490 1110 1559 Milisendi
1141 1497 1179 1558 ut
1207 1496 1397 1561 monaste-

369 1606 464 1674 rium
486 1606 524 1674 in
548 1606 628 1674 loeo
650 1605 710 1673 cui
735 1604 914 1674 Bethania
937 1624 1070 1683 nomen
1094 1605 1296 1675 aedificaret
1313 1626 1400 1694 per-

369 1722 508 1792 misitl.
540 1722 724 1810 Imprimis
755 1721 841 1809 quid
879 1721 1047 1791 ecclesiis
1079 1722 1255 1792 deberent
1290 1743 1399 1810 reges

368 1837 448 1925 ipso
480 1835 731 1924 pronuntiavit
766 1841 803 1904 et
838 1836 960 1904 debita
993 1835 1203 1923 praestitit:
1238 1838 1397 1924 ‹Regie

369 1950 553 2019 unctionis
588 1949 768 2037 professio
803 1949 979 2038 regiaque
1015 1944 1218 2036 maJestatis
1254 1952 1397 2039 equitas

369 2066 484 2152 exigit
498 2072 535 2134 et
549 2067 722 2135 honestas
740 2069 777 2134 ut
792 2065 837 2150 is,
855 2065 915 2153 qui
933 2065 971 2134 in
988 2072 1094 2134 trono
1111 2065 1215 2152 regio
1237 2073 1398 2136 meretur

368 2179 544 2248 divinitus
581 2177 784 2264 sublimari,
819 2179 1059 2248 ecclesiarum
1090 2179 1234 2248 studeat
1270 2179 1395 2249 direc·
1500 2191 1506 2194 ”

368 2298 505 2368 tionem
543 2297 691 2384 exigere
730 2303 765 2365 ct
800 2315 904 2365 sacre
941 2295 1134 2382 religionis
1172 2300 1323 2384 cultum,
1355 2299 1396 2368 in

369 2409 501 2497 quibus
519 2410 631 2496 digne
654 2409 799 2497 poterit,
821 2409 1038 2497 ampliare⁵.
1063 2433 1081 2476 a
1103 2411 1173 2480 Sed
1193 2429 1268 2480 non
1288 2431 1396 2499 appa-

368 2531 424 2593 ret
440 2544 564 2612 regem
580 2525 740 2610 clericis,
758 2525 989 2613 quantumvis
1005 2525 1043 2595 in
1058 2543 1173 2610 regno
1186 2525 1394 2595 Christiano

367 2837 484 2894 comitis
502 2837 729 2904 Andegavensis
750 2837 905 2906 contracti,
926 2837 973 2892 cui
992 2837 1158 2906 parentelae
1177 2838 1280 2893 titulus
1300 2852 1394 2907 oppo-

251 2963 253 2967 ,
366 2926 456 2993 nitur,
478 2925 587 2978 dilecto
606 2924 666 2978 frlio
687 2927 790 2979 nostro
811 2925 875 2978 J.
904 2924 1082 2992 Presbytero
1105 2924 1249 2978 cardinali
1269 2927 1394 2980 commi·

367 3009 464 3064 simus
479 3009 651 3063 finiendam.
669 3009 723 3072 Qui
745 3012 814 3076 post
834 3014 1010 3077 susceptam
1024 3009 1202 3063 idoneorum
1217 3009 1340 3064 testium
1355 3011 1394 3065 de

365 3093 522 3162 parentela
544 3092 761 3160 probationem,
783 3091 966 3160 ubicumque
987 3092 1160 3146 Guillelmus
1176 3092 1255 3146 lilius
1271 3093 1394 3148 Roberti

367 3178 485 3234 comitis
516 3177 612 3247 fuerit,
643 3176 795 3245 prohibuit
823 3177 920 3232 officia
948 3178 1104 3248 celebrari,
1134 3178 1192 3233 nisi
1224 3179 1328 3248 utique
1354 3181 1394 3234 ad

365 3265 469 3318 datum
495 3279 514 3318 a
545 3277 580 3317 se
612 3261 768 3315 terminum
793 3262 964 3329 conjugium
992 3263 1071 3318 idem
1096 3263 1277 3318 dissolverit.
1309 3265 1394 3320 Unde

365 3349 542 3404 fraternitati
551 3352 661 3404 vestrae
676 3347 876 3416 praecipimus,
888 3352 922 3402 ut
932 3349 1070 3404 eamdem
1081 3349 1262 3403 sententiam
1275 3364 1293 3403 a
1305 3350 1391 3405 nobis

364 3436 512 3490 firmatam
539 3448 594 3502 per
620 3437 738 3488 vestras
765 3431 881 3488 faciatis
910 3429 1069 3501 parocbia's
1092 3433 1254 3490 observari.
1284 3435 1391 3491 Datum

364 3520 512 3589 Laterani,
529 3524 586 3574 eto.
605 3538 617 3568 u

399 3657 425 3712 l.
446 3656 483 3712 rr.
501 3657 546 3726 a,
564 3652 788 3725 t.x11,p.708,
806 3669 835 3708 n.
853 3669 881 3709 a.

397 3789 424 3846 2.
446 3789 528 3845 Cart.
544 3788 575 3844 S.
593 3787 658 3858 Sep.
681 3789 723 3858 (Ε.
745 3789 783 3844 de
799 3789 946 3858 Roziere),
968 3802 1002 3844 n⁰
1024 3789 1069 3859 3l,
1093 3804 1144 3860 pp.
1165 3789 1209 3860 57,
1225 3789 1278 3862 585
1297 3802 1330 3846 n⁰
1345 3791 1390 3860 32,

362 3892 413 3947 pp.
430 3875 475 3946 58,
491 3875 545 3947 603
562 3887 596 3930 n⁰
610 3874 655 3945 33,
672 3890 722 3944 pp.
739 3874 784 3946 60,
799 3873 834 3930 65
849 3892 856 3947 ;
874 3885 908 3929 n0
922 3874 967 3945 86,
984 3891 1036 3946 pp.
1052 3875 1114 3947 166,
1131 3875 1193 3931 167.

398 4011 424 4067 3.
445 4011 581 4066 Willelm.
598 4010 677 4080 Tyn,
694 4009 803 4079 LXIV,
820 4024 846 4065 c.
863 4010 885 4080 Ι,
901 4024 931 4078 p.
947 4008 1009 4065 605.

397 4147 424 4205 4.
445 4145 488 4202 lb.
502 4149 521 4203 l.
538 4149 596 4220 XV,
612 4161 638 4203 c.
656 4147 753 4218 XXVI,
770 4162 799 4217 p.
817 4145 880 4201 690.

398 4284 425 4342 5.
447 4283 529 4342 Cart.
546 4283 577 4342 S.
594 4283 674 4359 Sep,
691 4293 726 4339 n0
740 4283 786 4355 33,
801 4297 831 4354 p.
848 4281 893 4339 60.
