3128 5036
362 497 402 564 42
689 514 733 563 na
754 513 918 564 runcorus
939 512 1062 564 anemo.

362 660 491 730 turmis
516 660 675 747 undique
699 661 975 730 circumdabant
1003 681 1070 729 nec
1095 663 1240 728 modum
1270 661 1395 729 sacie-

360 775 448 843 hant
469 774 695 843 incursandi.
726 778 920 860 augebant
943 777 1094 862 insuper
1116 775 1271 842 infestos
1293 778 1395 842 Tur-

359 907 484 955 corum
508 887 650 956 animos
672 887 867 956 discordiae
894 888 992 956 inter
1017 887 1245 956 Christianos
1273 893 1394 972 ortae;

359 1023 441 1089 quae
470 1003 616 1089 quidem
644 1022 687 1070 eo
713 1004 863 1089 majoris
886 1003 1059 1071 momenti
1090 1009 1196 1071 erant
1225 1005 1321 1089 quod
1354 1002 1394 1071 in

358 1137 512 1186 morem·
519 1120 597 1204 jam
623 1117 859 1188 veniebanu.
885 1119 1041 1204 Etenim,
1059 1121 1102 1187 ad
1128 1119 1198 1186 tria
1221 1119 1394 1206 exempla

357 1233 546 1314 sumenda,
564 1250 666 1301 suam
691 1233 872 1319 petierant
893 1233 1066 1300 Infideles
1089 1231 1321 1300 occasionem
1347 1253 1394 1300 ex

356 1349 605 1417 controversia
635 1349 731 1417 inter
759 1352 1007 1418 Boamundum
1037 1350 1226 1418 Iuniorem
1257 1349 1391 1436 patriae

357 1461 551 1528 hereditati
569 1464 773 1530 studentem
791 1470 826 1530 et
843 1463 1069 1532 Joscelinum
1085 1463 1254 1531 comitem
1272 1465 1392 1530 Edes-

355 1596 483 1645 sanum
508 1577 630 1646 habita
657 1595 664 1645 :
693 1577 870 1646 Joscelini
895 1578 1029 1666 quippe
1057 1579 1231 1661 fautores,
1258 1585 1390 1645 contra

356 1694 607 1760 Boamundum
641 1701 747 1760 erant
776 1691 994 1778 congressit
1031 1694 1251 1780 assiduoque
1287 1695 1389 1762 bello

339 1805 492 1873 „fessum
533 1803 842 1874 interfecerant³.
887 1807 1001 1874 Paulo
1039 1813 1120 1892 post
1156 1805 1227 1874 sibi
1263 1806 1388 1873 Halim

354 1917 555 1986 Boamuudi
580 1918 726 1987 viduam
751 1919 925 1988 societate
949 1928 985 1988 et
1010 1919 1159 2005 foedere,
1184 1926 1222 1986 ut
1244 1920 1387 1987 moles-

356 2031 441 2098 tiam
473 2031 805 2117 Hierosotymitano
836 2033 914 2117 regi
945 2032 1173 2114 exhiberent,
1204 2033 1387 2117 adjunxe-

352 2144 481 2214 ronti.
518 2148 608 2213 Item
646 2148 791 2230 Hugoni
830 2148 1004 2233 Ioppensi
1044 2149 1286 2214 condemnato
1323 2147 1339 2212 f
1364 2182 1384 2195 -

353 2266 500 2340 ventes,
535 2278 649 2345 usque
677 2263 792 2326 Arsur
829 2256 902 2328 non
942 2261 1140 2328 timuerant
1177 2258 1383 2327 currere⁵.

352 2373 462 2440 Plura
488 2380 608 2440 autem
637 2373 817 2458 ejusmodi
847 2375 1013 2460 exempla
1041 2391 1282 2440 memoremus
1309 2372 1384 2440 nisi

347 2488 563 2583 Jampateat
580 2486 706 2574 paucis
724 2486 798 2555 illis
816 2489 992 2574 exemplis
1018 2489 1219 2575 periculum
1236 2489 1280 2556 ab
1302 2491 1382 2555 Ha-

352 2600 578 2685 lapiensibns
595 2606 631 2668 et
650 2601 882 2670 Damascenis
896 2609 931 2669 et
946 2603 1166 2670 Ascalonitis
1180 2608 1357 2668 creatum.

395 2715 649 2800 Halapienses,
676 2716 864 2800 Sanguine
888 2717 1066 2803 principe,
1097 2735 1140 2783 ex
1165 2715 1382 2786 infidelibus

384 3015 409 3073 t.
431 3017 645 3090 Ibn-al-Athir,
684 3017 989 3090 namet-Altavarpua
1022 3018 1109 3088 (Hiat.
1142 3019 1273 3091 orient,
1303 3027 1324 3076 t.
1355 3023 1379 3092 I,

347 3119 376 3173 p.
393 3104 467 3173 400),
479 3120 556 3160 auno
571 3105 641 3159 maa
658 3121 664 3159 :
684 3125 695 3156 u
712 3107 771 3161 Des
787 3106 931 3160 divisious
947 3104 1090 3160 s'elevcnt
1106 3111 1191 3159 entre
1206 3107 1251 3160 les
1267 3107 1380 3162 Fraucs

347 3191 384 3244 de
400 3190 482 3260 Syrie
503 3191 552 3258 qui
574 3205 608 3245 se
624 3191 808 3245 combattcut
828 3193 873 3244 les
895 3205 951 3245 uns
971 3192 1016 3246 ies
1038 3196 1149 3246 autres.
1166 3193 1282 3260 Jusque
1297 3193 1325 3246 la
1339 3207 1379 3246 on

347 3274 456 3327 n'avait
474 3286 529 3340 pas
545 3289 581 3327 vu
604 3273 700 3341 parmi
719 3274 763 3328 les
779 3275 890 3328 Francs
906 3288 957 3328 ccs
979 3276 1129 3342 queretles
1152 3275 1318 3342 degenerer
1340 3291 1378 3330 eu

348 3358 517 3413 habitudes.
535 3377 546 3407 u

381 3494 408 3548 2.
429 3495 565 3549 Willelm.
582 3495 661 3565 Tyn,
679 3497 697 3549 l.
714 3495 835 3564 XIII,·c.
852 3496 937 3565 XXII,
956 3511 984 3564 p.
1001 3495 1063 3550 590.
1099 3545 1100 3548 ,

380 3631 406 3688 3.
428 3631 471 3686 Ib.
488 3647 514 3688 c.
532 3633 643 3703 XXVII,
660 3648 689 3702 p.
706 3632 768 3687 598.

378 3765 404 3822 4.
425 3767 500 3821 Vide
516 3768 666 3837 superius,
684 3783 748 3838 cap.
765 3769 897 3839 tertium,
915 3785 942 3838 p.
959 3769 1003 3825 33.

374 3900 399 3956 5.
418 3903 511 3966 Quam
530 3904 591 3957 sint
611 3904 811 3972 significantia
832 3906 907 3973 Tyrii
928 3907 993 3960 haec
1007 3907 1100 3960 verba
1114 3907 1256 3976 perspice
1276 3925 1281 3963 :
1303 3929 1315 3960 r
1334 3909 1377 3974 Illi

339 4001 410 4043 vero
424 3990 563 4043 videntes
581 3994 750 4044 nostrorum
768 3991 911 4045 intestina
924 3993 1039 4060 proelia,
1057 3996 1087 4046 et
1103 3992 1286 4049 domesticas
1298 3996 1376 4048 sedi-

308 4112 311 4120 .
335 4073 442 4141 tiones
460 4075 522 4128 suis
538 4075 732 4129 incrementis
749 4077 904 4144 accedere,
923 4081 953 4130 et
970 4081 1139 4130 nostrorum
1156 4093 1228 4133 esse
1246 4094 1370 4134 causam

335 4157 552 4227 periculorum,
583 4159 745 4226 gratuitum
784 4160 962 4228 impendunt
990 4174 1164 4216 assensum.
1202 4183 1211 4212 i
1244 4164 1273 4231 (l.
1302 4163 1375 4222 mv,

335 4255 360 4299 c.
377 4242 448 4311 xvi,
466 4257 495 4312 p.
515 4241 595 4314 aaa.)
