3128 5036
371 519 413 586 56
700 537 744 586 nn
765 536 930 588 rocconis
951 537 1074 588 nasso.

372 683 531 751 Fuloone
555 687 748 768 regnanto,
770 685 1010 754 cumGraecis
1030 685 1148 753 loedus
1168 704 1236 754 noo
1257 687 1408 754 firmum

371 817 491 885 neque
507 800 618 866 fidum
634 817 788 868 sanxere
806 819 815 885 ;
834 806 869 868 et
884 799 1100 888 Imperatori
1116 803 1325 869 Caesaream
1341 802 1409 870 ob-

372 909 505 977 sidenti
527 910 693 996 segniter
707 911 945 998 adfuerunt&
970 913 1063 980 nihil
1085 911 1200 997 igitur
1222 913 1360 982 mirum
1376 913 1407 981 si

355 1025 635 1110 ·Caesarienses‚
666 1029 862 1113 adjuvante
892 1023 1119 1111 sanguino&
1148 1024 1407 1094 obsidentibus

371 1139 634 1226 praestiterunt.
664 1141 751 1209 Haeo
776 1140 899 1209 omnia
920 1140 1046 1208 Turois
1073 1139 1230 1207 maximo
1253 1140 1409 1212 fuerunt

372 1253 631 1322 emolumento.
655 1256 836 1331 Quantum
857 1253 963 1322 Turci
985 1253 1197 1322 sociotatem
1223 1273 1242 1321 a
1263 1251 1407 1322 Graecis

372 1368 584 1456 Latinisque
602 1368 689 1438 licet
704 1372 748 1438 ad
766 1371 876 1438 breve
893 1368 1137 1456 exiguumque
1154 1375 1295 1456 tompus
1312 1388 1408 1438 con-

372 1485 551 1552 tirmatam
569 1504 668 1570 aegre
685 1485 837 1570 ferrent,
855 1486 1071 1553 intellexere
1095 1484 1301 1552 Orientales
1318 1484 1405 1552 bis-

372 1599 479 1666 torioi
499 1619 541 1668 ao
561 1601 871 1668 demonstravere.
890 1599 1099 1685 Sanguinus
1121 1619 1203 1667 oum
1219 1599 1405 1683 hostibus

372 1714 504 1800 quibus
525 1715 684 1800 singulis
705 1716 879 1784 resistere
898 1717 993 1782 haud
1017 1714 1125 1782 facile
1144 1719 1298 1801 poterat,
1318 1714 1407 1782 uni-

371 1829 488 1898 versis
504 1835 601 1898 esset
617 1830 746 1918 impar,
765 1831 915 1900 timebat
931 1850 976 1898 ne
998 1809 1070 1897 non
1086 1833 1289 1898 Caesaream
1306 1829 1407 1900 libe-

372 1951 471 2013 raret
494 1944 564 2012 nisi
589 1946 736 2014 Graecos
759 1964 779 2012 a
805 1945 943 2014 Latinis
960 1951 1159 2032 separaret.
1177 1947 1294 2022 Quare
1311 1965 1406 2013 con-

366 2060 547 2146 jurationi
565 2060 809 2129 dissolvendae
826 2081 969 2129 omnem
986 2061 1086 2129 dedit
1102 2078 1248 2148 operam
1264 2065 1405 2130 Turous

372 2157 490 2260 nequo
528 2194 610 2242 eum
647 2194 710 2262 spo
746 2176 959 2243 frustratum
991 2174 1105 2243 luisse
1141 2173 1403 2242 historicorum

372 2273 608 2356 orientalium
627 2288 837 2357 testimonio
853 2286 1064 2357 docemur³.

406 2497 433 2553 l.
453 2498 590 2554 Willelm.
606 2498 684 2567 Tyr„
702 2499 720 2552 l.
742 2499 801 2566 XV,
824 2513 850 2552 c.
872 2498 894 2566 Ι,
911 2512 941 2566 p.
961 2495 1013 2550 656
1031 2512 1036 2550 ;
1056 2515 1068 2546 <r
1089 2495 1232 2563 Princeps
1250 2499 1351 2549 autem
1372 2500 1405 2550 et

371 2597 485 2650 (mures,
501 2588 533 2637 ut
557 2583 675 2650 dicitur,
692 2583 901 2636 adolescentes
916 2581 1014 2649 ambo,
1035 2584 1067 2635 et
1086 2579 1164 2632 illius
1183 2579 1281 2632 aetatis
1300 2579 1404 2633 laevio·

371 2667 455 2722 ribus
478 2667 602 2720 nimium
624 2667 709 2721 tracti
729 2666 847 2733 studiiS,
867 2665 985 2719 caeteris
1004 2679 1034 2717 m
1052 2664 1159 2731 proelio
1178 2668 1209 2716 et
1228 2676 1261 2717 re
1283 2663 1403 2717 militari

371 2751 600 2821 desudantibus
612 2753 709 2806 aleam
725 2751 879 2818 ludebant,
892 2764 951 2804 ηοη
971 2750 1038 2803 sine
1053 2749 1163 2802 damno
1179 2749 1221 2802 rei
1237 2748 1402 2818 familiariS,

371 2836 511 2904 assiduo3
538 2839 568 2889 et
591 2835 670 2889 eirca
694 2835 838 2889 bellorum
866 2835 967 2888 studia
994 2834 1152 2888 remissius
1181 2847 1215 2886 se
1239 2833 1401 2901 babenteS,

371 2923 500 2973 caetcros
514 2931 635 2987 quoque
647 2933 663 2971 a
674 2918 791 2973 fervore
803 2918 952 2972 instantiae
963 2931 1018 2972 suo
1030 2917 1211 2971 revocabant
1220 2917 1367 2984 exemplo.
1388 2935 1400 2966 o

407 3039 434 3094 2.
455 3041 621 3096 Aboulleda
651 3039 739 3109 (Hist.
770 3039 897 3108 (trient,
928 3044 948 3093 t.
980 3040 1002 3108 Ι,
1029 3055 1058 3108 p.
1088 3037 1158 3108 24),
1190 3038 1401 3108 lbn-al-Atbir‚

372 3125 479 3180 Kamel
493 3124 581 3193 (Hist
599 3124 725 3194 Orient,
741 3131 762 3180 t.
779 3127 801 3193 Ι,
818 3141 847 3193 p.
864 3124 942 3194 427),
960 3125 1181 3192 Kamai-addin,
1200 3121 1309 3192 Halop.
1327 3121 1400 3178 Chr.

372 3208 463 3265 tillet.
481 3208 607 3278 Orieot„
623 3215 643 3264 t.
660 3209 711 3278 ΙΙΙ,
730 3225 760 3279 p.
776 3208 839 3276 678)
857 3213 1025 3263 monstrant
1040 3207 1222 3275 sanguinum
1239 3205 1404 3260 Caesarien-

372 3295 457 3348 sibus
472 3294 634 3362 praevalide
648 3295 846 3349 succurrisse.

407 3415 433 3472 3.
455 3417 663 3487 ibn-al-Athir,
685 3417 792 3471 Kamel
812 3416 900 3484 (Hist.
922 3415 1049 3484 orient,
1070 3420 1091 3470 t.
1113 3415 1135 3483 1,
1156 3429 1207 3483 pp.
1228 3413 1291 3484 427,
1310 3413 1399 3483 tam:

374 3521 385 3550 o
407 3501 516 3567 Zengui
530 3502 684 3555 eberchait
698 3503 716 3555 a
731 3501 861 3569 inspirer
880 3501 898 3554 a
916 3501 1097 3567 l’emporeur
1116 3499 1171 3552 des
1191 3512 1343 3566 soupeons
1363 3513 1402 3552 au

372 3586 451 3652 suist
466 3584 521 3639 des
537 3586 647 3640 Franos
662 3585 700 3640 de
716 3586 808 3654 Syrie.
826 3586 848 3639 ll
864 3585 904 3638 lui
921 3585 1010 3638 disait
1023 3597 1082 3651 que
1097 3584 1141 3637 les
1157 3582 1268 3635 Francs
1291 3582 1401 3636 redon·

371 3672 467 3725 taient
482 3684 536 3724 son
559 3671 713 3739 ambition,
729 3676 758 3725 et
781 3685 850 3738 que,
867 3671 912 3724 s’il
933 3670 1051 3738 quittait
1071 3668 1098 3722 le
1117 3669 1202 3736 pays,
1219 3667 1264 3721 les
1289 3667 1402 3721 Francs

372 3769 406 3809 se
432 3756 637 3824 separeraient
659 3756 697 3809 de
717 3769 768 3809 ses
790 3755 925 3808 intorets
950 3755 972 3809 Il
994 3753 1133 3821 envoyait
1157 3753 1328 3818 egalernent
1350 3766 1402 3806 ses

372 3840 478 3894 allides
494 3842 568 3895 cbez
583 3842 627 3894 les
643 3841 754 3894 Franos
770 3845 800 3894 et
815 3840 860 3893 les
882 3839 1032 3893 exliortait
1047 3839 1063 3890 a
1080 3851 1113 3891 se
1131 3842 1239 3890 mettre
1255 3850 1292 3890 en
1308 3837 1402 3903 garde

372 3928 476 3978 contre
491 3924 681 3992 l'empereur.
698 3923 746 3976 S'il
761 3923 908 3990 parvient,
926 3923 991 3975 leur
1012 3921 1144 3988 disait-il,
1160 3921 1178 3972 a
1197 3933 1327 3987 occuper
1341 3934 1402 3974 unc

373 4009 557 4076 seuleplace
574 4009 700 4063 fortean
717 4007 808 4076 Syrie,
826 4008 845 4061 il
862 4008 975 4061 voudra
994 4008 1158 4074 s’emparer
1176 4005 1214 4058 de
1233 4008 1334 4059 toutes
1356 4001 1402 4058 les

372 4092 531 4160 provinces
546 4106 604 4160 que
619 4106 694 4146 vous
710 4091 868 4159 possedez.
885 4091 941 4146 Ces
953 4104 1146 4144 manoeuvres
1157 4089 1266 4143 mirent
1278 4093 1346 4142 tous
1358 4089 1403 4143 les

373 4177 458 4232 obels
473 4193 511 4232 eu
527 4178 641 4232 orainte
655 4179 700 4232 les
717 4192 774 4232 uns
789 4191 843 4245 par
858 4182 981 4246 rapport
994 4190 1053 4230 anx
1068 4181 1170 4230 autres
1180 4180 1211 4229 et
1221 4176 1404 4242 l'empereur

373 4274 406 4320 se
422 4261 529 4319 deoida
543 4263 561 4318 a
575 4263 604 4319 la
617 4263 749 4319 retraite.
772 4281 783 4312 r
805 4261 844 4317 Cf.
861 4261 1082 4332 Kemal-eddln,
1097 4259 1207 4332 Holap.
1224 4259 1294 4315 Chr.
1312 4259 1401 4330 (illst.
