3128 5036
367 508 387 574 1
694 523 739 572 nr.
759 499 928 574 runconrs
945 523 1070 575 necno.

368 667 1401 759 etVindocinensemcomitatumquemuulcomracqui-

368 786 545 871 siveratl,
573 785 861 874 Turonicamque
890 786 1074 855 civitatem
1101 785 1270 856 Goslrido
1294 789 1398 856 Mar-

366 899 455 968 tello
471 897 593 968 Primo
609 895 820 967 traditam².

410 1013 492 1100 Ipse
509 1010 655 1098 quidem
672 1011 826 1081 idoneus
843 1015 921 1080 erat
937 1010 998 1099 qui
1015 1012 1111 1080 bona
1131 1010 1250 1098 patria
1267 1010 1397 1082 serva-

365 1131 434 1212 ret,
451 1125 562 1193 immo
578 1126 744 1211 augeret.
768 1130 937 1194 Attamen
958 1125 1177 1194 incredibile
1198 1133 1254 1194 est
1273 1145 1395 1214 quan-

364 1247 455 1326 tum,
472 1246 623 1327 excepta
643 1239 699 1308 rei
713 1240 859 1309 bellicae
876 1240 1044 1324 scientia,
1063 1258 1082 1308 a
1099 1242 1278 1326 majorum
1296 1260 1395 1310 more

364 1373 407 1423 ac
422 1357 553 1422 notura
568 1351 798 1422 dissenserit.
820 1355 962 1422 Genere
987 1352 1085 1421 enim
1110 1359 1273 1439 strenuo,
1290 1354 1395 1421 mili-

363 1465 427 1535 iiae
452 1464 624 1553 impigro,
651 1483 693 1534 ac
722 1464 879 1533 maxime
908 1466 1000 1532 duro
1031 1472 1140 1552 atque
1169 1465 1394 1567 implacabili

364 1588 486 1666 natus,
501 1580 739 1668 tranquillius
755 1587 877 1648 tamen
895 1585 932 1648 et
947 1579 1222 1649 misericordius
1242 1600 1282 1650 se
1301 1581 1392 1669 ipse,

367 1713 575 1784 quanquam
608 1695 707 1764 hello
749 1695 975 1780 acerrimus,
1018 1692 1173 1779 gessia.
1214 1697 1394 1772 Quantum

364 1915 391 1955 c.
407 1900 467 1970 XX,
482 1914 513 1969 p.
528 1899 591 1954 159.
609 1899 795 1955 -Nonnulli
811 1900 933 1968 quidem
948 1898 1147 1967 lngelgerlum
1163 1898 1258 1954 luisse
1272 1903 1393 1967 negent.

366 1987 440 2042 Vide
463 2003 469 2041 :
489 1988 618 2056 Mahille,
640 1983 756 2041 Introd.
780 2002 841 2040 aaa
864 1985 1040 2056 chroniqaes
1064 1987 1113 2039 des
1137 1991 1244 2039 comtes
1268 1986 1395 2055 d'Arp'oa

366 2072 441 2141 (Soc.
461 2071 541 2126 Hist.
563 2071 628 2140 Fr.⁷
644 2071 725 2141 1872,
741 2086 792 2141 pp.
815 2085 925 2127 nni-nv
947 2077 978 2127 et
996 2085 1036 2140 cr,
1054 2077 1085 2126 et
1106 2070 1184 2125 Bibl.
1201 2071 1237 2125 dc
1254 2071 1325 2126 l’Ec.
1346 2073 1394 2126 des

366 2159 500 2228 Charton,
512 2155 592 2226 1860,
602 2171 652 2226 pp.
667 2155 730 2226 162,
743 2156 806 2227 166,
818 2156 898 2227 182),
915 2157 1023 2212 Monod
1033 2155 1142 2225 (Ranae
1157 2156 1302 2228 Criliqac,
1314 2163 1393 2227 sept.

364 2243 445 2314 1874,
465 2259 495 2314 p.
517 2243 591 2312 161).
608 2244 822 2298 Verumtamen
844 2258 903 2298 non
927 2248 975 2298 est
995 2243 1118 2297 dubium
1139 2244 1211 2311 quin
1236 2243 1394 2310 ingelgerii

366 2344 479 2398 genere
492 2330 618 2385 comites
628 2329 865 2397 Andegavenses
877 2329 938 2384 nati
954 2329 1073 2383 luerint.
1086 2329 1160 2384 Vide
1174 2329 1244 2384 Port
1256 2327 1344 2398 (Dici.
1358 2328 1394 2382 dc

367 2413 655 2480 Μαίη-11101191.
673 2414 710 2485 11,
726 2429 755 2483 p.
771 2412 846 2481 385).

402 2550 429 2606 1.
451 2551 533 2620 Cum,
560 2551 667 2620 proelio
692 2552 773 2620 apud
797 2550 1036 2606 pontilevensem
1061 2551 1232 2620 commisso,
1259 2551 1395 2620 superior

367 2637 457 2691 Fulco
478 2636 544 2690 IIIus
559 2636 764 2706 discessisset,
787 2636 1040 2691 Vindocinensem
1064 2637 1235 2691 comitatum
1255 2637 1394 2691 obtinue-

368 2724 415 2774 rat
436 2721 527 2789 (anno
552 2717 644 2788 1016).
672 2719 744 2774 Vide
766 2734 772 2772 :
796 2718 866 2775 Chr.
884 2717 1032 2774 Rainaldi
1052 2718 1260 2774 archidiaconi
1277 2719 1393 2788 Andep.

369 2805 452 2874 (Chr.
488 2805 538 2858 des
568 2803 684 2874 Eplises
716 2803 855 2873 d’Anjoa‚
887 2805 1067 2874 Marchegey
1099 2809 1129 2859 et
1161 2805 1288 2874 Manille,
1327 2803 1392 2859 Soc.

366 2889 444 2945 Hist.
472 2888 536 2959 Fr„
557 2888 637 2959 1869,
662 2903 692 2957 p.
715 2887 784 2960 lo);
809 2888 879 2943 Chr.
905 2887 935 2945 8,
956 2889 1021 2944 Aio.
1042 2889 1156 2959 Andep.
1184 2888 1238 2958 (lo.
1260 2905 1290 2958 p.
1315 2887 1361 2958 22)
1384 2905 1392 2959 3

368 2975 438 3030 Chr.
456 2973 487 3030 S.
504 2974 605 3044 Serpii
617 2974 732 3044 Andey.
751 2973 804 3044 llb.
822 2989 852 3043 p.
868 2972 932 3043 131)
949 2991 956 3044 ;
975 2974 1046 3028 Chr.
1063 2973 1093 3030 S.
1109 2973 1257 3028 Florentii
1272 2973 1392 3028 Salma-

365 3059 463 3114 rensis
492 3059 547 3128 (Ib.
576 3075 606 3130 p.
636 3059 699 3128 181)
728 3075 735 3129 ;
769 3058 840 3114 Chr.
874 3057 1088 3112 Vindociaease
1114 3074 1165 3112 sea
1195 3058 1231 3112 de
1259 3057 1394 3128 Aquario

402 3280 428 3336 2.
450 3281 536 3336 Anno
557 3279 637 3336 1044.
662 3277 733 3334 cnr.
753 3276 900 3332 Rairraldi
921 3278 1004 3335 arcii.
1026 3277 1140 3348 Aridep.
1161 3277 1392 3347 (concocunt.

368 3365 479 3436 d’Anj.,
500 3380 530 3435 p.
551 3364 606 3433 11).
629 3395 664 3405 -
685 3363 755 3420 Chr.
780 3362 811 3417 S.
835 3362 901 3418 Alb.
925 3362 1038 3432 Andey.
1064 3361 1117 3430 (lo.
1143 3377 1172 3431 p.
1193 3362 1250 3430 21).
1267 3392 1300 3401 -
1319 3361 1392 3418 Chr.

368 3449 400 3504 S.
417 3449 497 3503 Flor.
510 3447 604 3503 Salm.
618 3446 673 3516 (le.
686 3462 715 3516 p.
727 3445 925 3516 188).-11111.
937 3444 968 3501 S.
981 3445 1064 3515 Sera.
1076 3444 1189 3514 Audeo.
1201 3442 1254 3508 (Id.
1271 3462 1301 3515 p.
1317 3445 1392 3514 136).

367 3561 401 3572 —
417 3532 486 3588 Chr.
504 3532 539 3585 de
557 3531 636 3586 Gest.
661 3531 746 3586 Corae.
767 3529 880 3599 Arrdcp.
903 3529 985 3598 (Chr.
1003 3529 1112 3597 dmm„
1129 3543 1159 3598 p.
1174 3528 1247 3597 inl).
1265 3559 1298 3568 —
1312 3527 1391 3584 Hist.

367 3616 474 3674 Camil.
496 3616 611 3686 Andep.
635 3620 755 3670 auctore
776 3615 886 3670 Thema
908 3614 1026 3686 Fectio,
1051 3613 1193 3668 Locheasi
1209 3613 1314 3684 priore
1335 3613 1391 3686 (lo.

363 3720 393 3775 p.
411 3703 486 3773 331).

401 3840 428 3896 3.
449 3840 593 3908 Sugerius
611 3839 713 3908 (Gesta
726 3837 868 3893 Ladooici
883 3837 972 3910 Repis
995 3842 1185 3910 copaomeato
1209 3837 1319 3910 Grossi,
1342 3841 1392 3896 ed.
1417 3825 1421 3831 ¹

366 3927 441 3994 nug.
461 3926 605 3995 Molinler‚
627 3939 653 3980 o.
676 3925 788 3995 XXVII,
811 3940 841 3994 p.
867 3924 939 3995 4043
966 3939 992 3980 c.
1015 3924 1282 3994 111111111,ρ.107),
1305 3923 1393 3979 Gesta

365 4011 484 4066 Ambae.
508 4010 594 4066 Doni.
620 4009 703 4078 (Chr.
728 4009 839 4080 d’Arpss,
864 4024 894 4079 p.
923 4009 998 4078 205),
1020 4008 1098 4064 Hist.
1130 4009 1277 4078 Gaasredi
1306 4009 1391 4066 Cone.

364 4095 478 4165 Andep.
495 4094 549 4163 (lb.
558 4109 589 4164 p.
605 4093 718 4170 138),1η
734 4095 844 4163 quibus
855 4094 990 4148 similiter
1000 4094 1067 4148 hoec
1081 4094 1270 4162 reperiuntur
1279 4095 1391 4150 verba:

366 4201 378 4232 r
396 4182 446 4235 Vir
460 4182 621 4237 bellicosus
638 4201 662 4236 r.
674 4211 707 4221 —-
727 4180 798 4235 Chr.
815 4178 851 4233 de
869 4178 945 4234 Gest.
964 4179 1047 4234 Gaas.
1063 4178 1177 4248 Andep.
1193 4177 1249 4250 (Id.
1260 4194 1291 4249 p.
1307 4179 1391 4250 inst:

366 4285 377 4321 r
395 4266 492 4321 Armis
507 4271 650 4322 strenuus
667 4283 692 4321 r.
710 4294 741 4308 ·-
757 4265 895 4320 Willelm.
916 4264 982 4333 Tyr.
999 4264 1047 4320 ed.
1067 4264 1158 4318 Acad.
1181 4261 1261 4334 1814,
1279 4265 1298 4318 1.
1318 4265 1391 4336 XlV,
