3128 5036
383 566 423 631 14
710 578 939 627 berneconis
961 575 1082 624 naono.

384 723 623 810 lum-Berlai,
646 741 743 790 anno
765 723 865 805 1124,
893 721 1002 809 cepit,
1026 720 1169 788 diutina
1191 739 1256 807 per
1281 739 1410 788 novem

384 838 630 907 hebdomadas
660 834 891 905 obsidionel.
923 839 997 903 Pax
1028 834 1125 902 intra
1154 833 1410 901 brevissImum

384 960 527 1040 tempus
548 950 617 1018 fuit
639 950 773 1037 ubique
797 955 985 1036 reparata3
1009 967 1080 1034 qua
1102 967 1191 1014 sane
1217 967 1307 1034 opus
1332 954 1412 1015 erat

384 1067 535 1136 Fulconi
551 1066 597 1134 ad
613 1085 651 1133 se
667 1066 854 1133 commode
870 1063 978 1132 beIIis
995 1063 1226 1150 negotiisque
1239 1063 1276 1131 in
1296 1082 1411 1146 regno

384 1179 1074 1252 Franciaecommissisimmisceodum.

428 1404 493 1470 III.
519 1437 561 1454 -
587 1402 631 1471 Se
651 1401 742 1469 adeo
766 1421 838 1469 non
863 1402 961 1468 iutra
986 1401 1172 1487 proprium
1198 1401 1411 1470 comitatum

383 1535 504 1584 comes
529 1515 710 1584 continuit
739 1522 778 1583 ut
803 1515 941 1603 aliquid
973 1535 1084 1600 agere
1114 1516 1203 1583 forIs
1232 1517 1409 1584 studeret.

382 1632 470 1710 Quis
486 1651 530 1700 eo
544 1639 706 1721 tempore
723 1652 844 1700 rerum
861 1637 976 1700 status
991 1631 1151 1699 fueritin
1169 1650 1284 1716 regno
1299 1635 1411 1699 Fran-

382 1748 450 1814 ciae
467 1765 574 1833 quam
591 1746 823 1833 paucissimis
846 1765 1050 1814 narremus.
1073 1747 1266 1830 Regnabat
1285 1748 1409 1814 Ludo-

381 1861 484 1930 vicus
497 1864 590 1944 VII,
608 1861 769 1948 Philippi
787 1862 897 1945 filius,
914 1863 958 1929 ad
975 1862 1227 1948 imperandum
1252 1882 1270 1926 «
1295 1859 1409 1928 officii

378 1977 462 2061 jure
476 1973 651 2043 votiv02»
671 1976 807 2043 cumin
830 1974 934 2060 regio
952 1974 1115 2043 dominio
1135 1980 1210 2042 tum
1229 1974 1409 2043 latissime

382 2086 420 2154 in
447 2107 561 2172 regno
591 2088 807 2156 obstinatus.
839 2088 952 2172 Regis
982 2096 1102 2155 autem
1128 2087 1275 2155 divitias
1299 2093 1410 2175 atque

382 2208 598 2288 potestatem
635 2199 776 2287 aliquot
815 2200 919 2284 regni
950 2219 1120 2287 proceres
1147 2201 1410 2286 propemodum

383 2313 578 2399 aequabant
604 2331 611 2381 :
634 2313 672 2379 iu
692 2313 820 2400 primis
847 2312 1083 2382 FIandrensis
1106 2312 1248 2382 scilicet
1270 2333 1408 2398 comes,

382 2426 583 2494 Britanniae
599 2426 880 2514 Campaniaeque
894 2434 930 2494 et
942 2426 1126 2495 Alveroiae
1141 2427 1305 2512 comitae,
1321 2430 1411 2495 Bur-

381 2541 531 2626 gundiae
547 2550 582 2609 et
596 2541 804 2628 Aquitaniae
820 2543 944 2620 duces,
966 2561 1056 2627 quos
1076 2548 1112 2608 et
1135 2540 1409 2627 potentissimos

381 2663 418 2723 et
432 2656 604 2740 egregios
621 2663 657 2723 et
673 2675 781 2723 manu
798 2675 930 2738 magna
948 2655 1098 2723 militari
1118 2657 1283 2724 valentes
1302 2655 1408 2723 desi-

381 2777 471 2854 gnat
489 2769 625 2856 passim
651 2770 826 2854 sugerius
852 2769 1004 2839 abbas3.
1035 2775 1198 2838 Praeerat
1225 2772 1409 2839 Norman·

381 2884 464 2952 nico
487 2885 634 2954 ducatui
658 2905 720 2954 rex
741 2887 943 2970 Anglorum
970 2885 1150 2954 Henrious
1175 2887 1331 2966 Primus,
1356 2894 1406 2970 et,

380 3004 529 3087 propter
544 3001 727 3084 ducatum,
745 3001 934 3069 exstiterat
948 3001 1052 3086 regni
1070 3001 1235 3069 FrancIae
1248 3000 1405 3070 debitor.

380 3113 531 3181 Fulconi
555 3112 670 3198 igitur
689 3113 851 3200 potentia
877 3133 949 3182 non
973 3115 1152 3183 cedebant
1175 3114 1280 3199 regni
1303 3115 1405 3198 opti-

380 3233 508 3311 mates,
525 3235 561 3294 et
577 3227 684 3295 facile
700 3229 924 3314 praestabant
939 3232 1161 3297 Francorum
1182 3228 1407 3312 Anglorum·

415 3449 441 3504 1.
464 3450 534 3505 Chr.
553 3449 718 3504 Turonenso
734 3450 888 3518 (Montano,
905 3447 1004 3518 Ampl.
1026 3449 1113 3517 cett,
1130 3455 1150 3503 t.
1167 3449 1201 3519 V,
1217 3463 1246 3517 p.
1262 3448 1354 3517 Icto).
1371 3480 1406 3490 -

378 3536 513 3591 Willelm.
536 3536 574 3590 de
593 3536 746 3604 Nangiaco
770 3533 818 3603 (Η.
835 3534 881 3603 F.,
896 3540 918 3589 t.
935 3536 994 3604 XII,
1011 3550 1040 3602 p.
1064 3533 1138 3602 727).
1155 3565 1188 3573 -
1203 3533 1273 3588 Chr.
1291 3533 1321 3588 S.
1337 3532 1404 3590 Alb.

379 3623 492 3693 Andeq.
511 3622 593 3692 (Chr.
611 3623 661 3677 des
675 3622 743 3692 Epi.
760 3621 871 3690 c’Anj„
887 3638 916 3690 p.
933 3621 989 3690 32).
1005 3652 1037 3660 -
1055 3621 1125 3676 Chr.
1142 3620 1173 3676 S.
1189 3621 1274 3691 Serq.
1290 3621 1404 3691 Andep.

378 3708 433 3778 (Ib.
450 3723 479 3776 p.
496 3707 570 3774 144).
587 3737 621 3746 -
638 3706 709 3762 Chr.
726 3705 757 3761 S.
774 3706 856 3761 Flor.
870 3705 965 3760 Sclm.
983 3704 1037 3773 (lb.
1050 3722 1080 3774 p.
1096 3704 1170 3774 190).

412 3843 439 3896 2.
461 3844 542 3912 sug„
569 3841 647 3898 Gcst.
679 3841 754 3897 Luci.
783 3844 820 3912 (c.
846 3843 947 3911 XXIII,
968 3857 997 3910 p.
1014 3840 1060 3910 80)
1083 3857 1089 3894 :
1115 3861 1126 3889 a
1150 3841 1223 3906 Quia
1243 3841 1408 3896 fortissima

377 3940 482 3994 regum
507 3926 641 3995 dextera,
673 3926 757 3981 offitii
783 3928 850 3994 jure
882 3926 991 3993 votivo,
1021 3925 1191 3993 reprimitur
1219 3925 1407 3979 tirannorum

376 4011 511 4081 audacia,
529 4011 669 4079 quotiens
692 4023 747 4066 eos
767 4012 883 4078 guerris
903 4010 1040 4065 lacessiri
1061 4009 1172 4078 vident,
1195 4009 1312 4064 infinite
1336 4021 1407 4078 gra-

376 4098 508 4152 tulantur
532 4110 648 4166 rapere,
673 4110 825 4165 pauperes
848 4096 1042 4165 contundere,
1067 4096 1212 4151 ecclesias
1234 4097 1404 4166 destruere,

377 4188 435 4239 ete.
453 4201 465 4234 n

412 4304 438 4364 3.
459 4301 503 4360 Ib.
520 4319 546 4359 c.
562 4305 674 4374 XXVII,
690 4318 742 4376 pp.
759 4303 821 4374 103,
837 4301 891 4358 104
906 4319 913 4374 3
931 4317 956 4358 c.
973 4302 1100 4372 XXVIII,
1116 4317 1146 4372 p.
1162 4300 1224 4357 107.
