3128 5036
561 557 670 605 carus
688 558 828 605 PR1MUM.
1170 537 1208 606 11

182 703 300 772 Heliae
322 723 499 788 generum
529 705 690 772 factumi
720 725 738 768 ‹<
763 707 813 772 Eo
843 712 1019 792 tempore,
1049 707 1097 774 V⁰
1125 705 1208 775 idus

178 817 277 902 julii,
296 817 420 884 Helias
436 835 556 884 comes
573 818 888 884 cenomannorum
909 817 1012 902 obiit,
1031 820 1206 888 honorem

183 949 287 997 suum
313 929 464 998 Fulconi
492 927 650 1012 Iuniori,
675 947 813 1012 genero
835 929 1007 998 videlicet
1030 951 1109 1014 suo,
1136 932 1206 999 de-

183 1041 437 1129 relinquens1.
463 1065 481 1107 »
512 1043 642 1110 Nonne
668 1042 763 1110 idem
790 1063 809 1109 e
834 1045 871 1111 S.
898 1045 1019 1129 Serpit
1044 1047 1209 1130 Andeca-

182 1157 294 1222 ccnsis
314 1156 489 1223 chronicis
511 1154 672 1240 intelligi
703 1157 841 1241 potestt
868 1178 886 1221 ‹<
910 1157 1015 1224 Illico
1044 1165 1207 1226 mortuus

183 1276 238 1338 est
253 1270 392 1354 Helias,
409 1271 722 1342 cenomannensis
739 1289 860 1338 comes
870 1291 879 1356 ;
897 1278 933 1339 et
945 1273 1068 1356 Fulco,
1086 1292 1208 1342 comes

55 1457 67 1467 ,
181 1383 469 1467 Andecavorum,
503 1384 640 1471 recepit
668 1385 853 1452 civitatem
879 1387 1207 1470 cenomannorum,

183 1498 244 1584 qui
274 1498 387 1564 filiam
412 1497 529 1565 Heliae
556 1497 701 1564 duxerit
731 1517 893 1582 uxorem,
921 1499 965 1564 ad
991 1518 1099 1585 quam
1122 1501 1208 1584 juro

183 1611 428 1698 pertinebat2.
455 1611 611 1679 »Verba
638 1618 758 1678 autem
784 1609 948 1679 Orderici
973 1610 1106 1679 Vitalis
1125 1631 1207 1679 ma-

183 1723 353 1792 nifestius
388 1741 430 1790 ea
464 1724 715 1791 demonstrant
749 1742 830 1808 qnae
865 1721 1068 1806 significari
1098 1725 1207 1790 volu-

182 1855 288 1907 mus:
308 1859 326 1902 «
350 1836 475 1904 Helias
491 1856 626 1920 comeS,
643 1837 842 1904 historicus
866 1836 929 1921 ait,
947 1838 1207 1922 Eremburgem

182 1953 297 2022 liliam
315 1971 416 2020 suam
440 1953 634 2021 Fulconi...
651 1954 932 2037 Andagavorum
955 1953 1078 2020 comiti
1095 1953 1207 2036 dedit,

182 2070 374 2156 ipsumque
396 2068 642 2137 cenomannis
662 2069 849 2136 domiuum
871 2069 941 2138 sibi
960 2087 1207 2137 successorem

182 2181 411 2251 constituit³.
437 2205 456 2247 r>
482 2183 658 2268 Denique,
682 2203 791 2269 quam
814 2183 876 2270 qui
902 2185 1003 2250 Gesta
1027 2185 1209 2250 consulum

181 2299 454 2382 Andecavorum
474 2298 649 2381 condidit,
668 2299 826 2366 disertus
846 2315 853 2367 :
874 2321 892 2364 r<
916 2299 982 2378 Qui
1003 2297 1141 2386 (Fulco)
1163 2301 1207 2367 ab

182 2413 301 2496 Helia,
316 2411 607 2479 cenomannensi
619 2411 764 2494 comite,
779 2412 923 2480 unicam
936 2412 1049 2480 illlam
1060 2431 1206 2482 snam...

181 2525 262 2594 dari
291 2525 362 2594 sibi
393 2545 474 2593 cum
504 2527 998 2598 cenomannicoconsulatu
1027 2525 1206 2613 impetra-

180 2634 316 2704 vitl.»
349 2636 533 2722 Numquid
564 2637 729 2722 pluribus
760 2657 850 2723 opus
880 2639 964 2705 estl
993 2637 1065 2707 Vix
1093 2638 1207 2706 filiam

180 2749 437 2835 Andagavonsi
458 2750 581 2818 comiti
603 2752 847 2818 collocaverat
866 2750 991 2820 Helias
1012 2757 1048 2818 et
1068 2751 1206 2818 morie-

181 2865 301 2946 batur,
319 2863 588 2931 cenomannico
607 2863 936 2948 Andagavensique
957 2863 1208 2932 consulatibus

181 2976 267 3043 inde
291 2975 498 3061 conjunctis
521 2975 671 3062 (ll10)⁵.
699 2977 852 3062 Operam
874 2977 981 3043 simul
1004 2975 1041 3042 in
1063 2976 1207 3044 turbido

181 3109 325 3175 quoque
350 3087 582 3174 reprimendo
605 3089 715 3156 Fulco
736 3089 869 3176 posuit,
891 3091 996 3176 cujus
1017 3091 1207 3176 praestanti

181 3204 339 3270 fortunas
365 3203 441 3286 iam
468 3201 680 3270 invidebant
716 3202 898 3270 nonnulli.
936 3205 1087 3269 boatum
1119 3222 1205 3270 cas-

181 3324 277 3383 trum
302 3323 338 3382 et
361 3317 537 3399 Insulam,
561 3313 779 3383 annolllltl6
801 3317 856 3383 vel
883 3313 1010 3400 llIOI,
1027 3315 1135 3404 cepit.
1152 3318 1205 3385 Ad

216 3547 242 3602 l.
265 3547 335 3602 Chr.
353 3546 383 3600 S.
399 3546 465 3601 Alb.
482 3544 596 3615 Andep.
614 3547 697 3616 (Chr.
714 3547 762 3600 des
776 3546 844 3616 bqr.
858 3545 967 3615 d'Arp',
984 3562 1035 3615 pp.
1050 3546 1097 3614 3l,
1112 3545 1169 3614 32).

214 3659 241 3713 2.
264 3658 335 3712 Chr.
352 3656 382 3711 S.
401 3656 483 3726 Scrp.
499 3656 613 3726 Arrdcp.
631 3655 685 3726 (lo.
702 3674 731 3726 p.
749 3657 823 3726 143).

214 3768 243 3824 3.
264 3768 333 3823 Ord.
350 3767 418 3836 vn,
435 3771 455 3820 t.
472 3767 518 3835 IV,
534 3767 553 3820 l.
569 3767 602 3834 Χ,
620 3781 645 3821 c.
662 3767 749 3836 XVII,
761 3782 812 3836 pp.
829 3765 891 3836 102,
908 3765 970 3822 103.

215 3877 242 3930 la.
264 3876 333 3930 Chr.
352 3874 387 3928 de
404 3873 481 3928 Gest.
499 3873 583 3928 cons.
599 3874 712 3946 Andep.
730 3874 813 3944 (Chr.
829 3874 939 3942 c'Anj,
956 3891 984 3944 p.
1002 3875 1075 3943 143).

214 3984 241 4038 5.
264 3982 334 4037 clar.
355 3981 386 4036 S.
418 3981 482 4035 Alb.
506 3980 620 4050 Andep.
644 3981 727 4051 (Chr.
749 3983 798 4035 des
823 3981 891 4052 Epl.
914 3981 1024 4050 d'Anj,
1045 3997 1074 4050 p.
1095 3981 1151 4049 31).
1173 4011 1206 4020 -

181 4067 251 4122 chr.
269 4065 299 4121 S.
315 4065 400 4136 Scrp.
416 4065 529 4135 Andcp.
547 4064 600 4134 (lb.
617 4082 646 4134 p.
663 4065 737 4136 143).

215 4175 242 4230 6.
264 4175 334 4231 Chr.
351 4174 382 4229 S.
398 4173 464 4229 Alb.
479 4174 594 4245 Andcp.
612 4173 666 4246 (Ib.
682 4190 712 4244 p.
728 4173 784 4244 31).

216 4287 242 4343 7,
265 4286 336 4343 chr.
353 4285 384 4342 S.
401 4285 482 4342 Flor.
499 4285 594 4342 Salm.
614 4283 668 4355 (Ib.
684 4301 714 4358 p.
731 4285 805 4356 190).
