3128 5036
345 519 386 585 tl
671 534 715 583 nn
736 518 903 584 sunnonrs
926 535 1049 584 naono.

347 682 547 752 Boamundi
566 681 727 766 duceret,
746 682 1014 750 Antioeheuum
1032 681 1277 769 principatum
1296 701 1387 751 ma-

346 796 445 865 ximo
474 797 598 864 labore
628 799 754 863 contra
783 799 918 862 Turcos
948 796 1085 882 absque
1116 796 1189 863 ullo
1219 796 1388 884 dampno

348 907 655 979 manutenuit¹.»
680 912 757 977 Rex
781 915 902 977 tamen
930 909 968 976 iu
993 927 1036 978 eo
1066 910 1136 977 luit
1165 917 1203 977 ut
1224 913 1389 980 adversa

348 1042 444 1092 anno
461 1025 547 1091 1137
564 1028 761 1108 pateretur.
785 1023 873 1089 Cum
896 1023 994 1089 enlm
1020 1023 1229 1107 sanguinus
1252 1043 1388 1110 regem

347 1136 386 1206 in
403 1142 523 1204 castro
540 1133 870 1204 Monte-Ferrando
885 1136 1068 1204 inclusum
1092 1135 1289 1218 obsideret,
1306 1157 1387 1206 non

348 1248 538 1318 dubitabat
571 1239 659 1335 quin
692 1246 919 1316 Christianos
948 1247 987 1313 in
1022 1246 1246 1316 deditionem
1276 1251 1387 1318 brevi

348 1371 510 1451 tempore
527 1363 721 1449 acciperet.
745 1364 802 1446 At,
822 1362 946 1429 audito
963 1361 1181 1428 Antiocheni
1200 1362 1387 1451 prinoIpis

349 1478 545 1546 Raimundi
572 1485 608 1546 et
636 1477 813 1546 Edessani
843 1476 988 1545 comitis
1015 1477 1193 1545 loscelini
1215 1479 1387 1548 iunioris

349 1593 519 1671 adventu,
538 1613 677 1680 pacem,
695 1611 741 1658 ue
757 1591 885 1677 iniquo
902 1596 1017 1659 marte
1038 1600 1232 1678 pugnaret,
1251 1596 1389 1664 annuit

350 1706 598 1792 SanguInus2.
630 1706 871 1785 Quamobrem
901 1705 980 1790 regi
1015 1704 1109 1773 nibil
1137 1707 1236 1776 alind
1271 1728 1386 1794 quarn

349 1827 509 1889 oestrum
527 1819 689 1901 abstulit,
711 1816 890 1903 regnique
906 1818 1109 1904 occupandi
1127 1836 1227 1905 spem
1244 1820 1387 1892 invitus

350 1932 484 2019 abjecit
500 1929 690 2000 nimiam³.
714 1930 805 2009 Quid
824 1931 958 1999 multat
981 1931 1270 2001 Christianorum
1288 1937 1385 2005 fines

351 2047 573 2132 sanguinus,
591 2067 672 2115 oum
693 2066 760 2116 neo
785 2046 899 2115 animi
922 2066 989 2114 neo
1011 2048 1176 2134 corporis
1192 2050 1385 2121 laboribus

350 2160 628 2246 defatigaretur,
657 2167 714 2228 ter
741 2165 797 2229 est
824 2160 1040 2246 ingressus;
1072 2163 1299 2247 sanguinum
1324 2170 1386 2233 ter

351 2278 462 2345 Fuloo
487 2295 507 2344 a
535 2295 650 2363 regno
682 2274 885 2345 christiano
915 2277 1088 2364 propulit,
1112 2277 1319 2348 indefessus
1346 2286 1386 2348 et

351 2408 442 2478 ipse.

387 2636 414 2691 1.
436 2637 507 2694 Chr.
530 2637 566 2692 de
589 2637 667 2692 Gest.
693 2636 778 2692 Cone.
802 2636 916 2708 Anuep.
943 2638 1026 2707 (Chr.
1053 2638 1164 2711 nt'Anj,
1191 2657 1221 2711 p.
1247 2642 1321 2712 155).
1338 2644 1383 2701 Gi.

351 2722 429 2778 Hist.
446 2725 560 2780 abbrev.
580 2724 698 2779 donent.
716 2723 828 2794 Andep.
846 2724 899 2794 (lt.
917 2742 945 2795 p.
962 2727 1036 2796 361).

387 2855 414 2908 2.
435 2857 573 2910 Willelm.
595 2857 674 2926 Tyr,
698 2856 716 2910 l.
742 2855 816 2925 XIV,
840 2870 884 2910 oo.
906 2856 989 2926 XXV,
1012 2857 1110 2925 XXVI,
1126 2857 1241 2926 XXVII,
1255 2857 1383 2926 XXVIII,

351 2941 448 3008 XXIX,
471 2939 927 3009 pp.643e5t-1nn-a1-Atntr.
945 2939 1023 2995 Hist.
1041 2940 1127 2996 Atab.
1145 2940 1237 3012 (Hiat.
1255 2940 1382 3010 Ortona,

352 3028 373 3078 t.
394 3024 431 3092 II,
447 3025 583 3080 seeundo
602 3039 683 3093 parS,
699 3039 728 3093 p.
749 3023 823 3093 107).
841 3054 873 3064 -
889 3025 1021 3094 Hartwig
1036 3026 1243 3094 Ilerenbourg,
1255 3025 1385 3079 Ottsdm

353 3107 410 3162 Ilm
433 3108 609 3179 Mounktdla
631 3124 702 3177 pars
722 3111 826 3179 prima,
847 3125 898 3179 pp.
914 3109 977 3178 154,
994 3109 1056 3180 155,
1073 3110 1199 3180 Leroux,
1214 3109 1294 3165 1889.

389 3247 416 3301 3.
438 3248 490 3302 Η13
509 3248 621 3316 verbIs,
642 3263 680 3303 ex
698 3249 795 3318 Tyrio,
811 3250 883 3317 quid
898 3254 1082 3318 proponeret
1097 3250 1278 3318 sanguinus,
1293 3249 1385 3316 legati

355 3342 608 3404 exprompserunt
629 3337 658 3404 (l.
683 3337 755 3403 XIV,
781 3351 808 3391 o.
834 3337 931 3406 XXIX,
956 3352 986 3405 p.
1007 3336 1071 3406 650)
1094 3355 1100 3392 :
1128 3357 1139 3386 t
1166 3337 1305 3392 Castrum
1324 3337 1384 3405 jam

355 3421 544 3486 semirutum,
565 3425 636 3475 ante
655 3436 688 3476 se
705 3419 753 3475 dtu
776 3435 835 3476 non
854 3435 947 3490 posse
963 3426 1066 3492 stare3
1092 3423 1235 3491 populum
1248 3423 1385 3489 jejunum

356 3511 386 3560 et
409 3506 487 3560 lame
511 3507 708 3574 laborantem,
734 3506 894 3562 resistendi
918 3507 997 3562 vires
1023 3512 1053 3562 et
1076 3508 1192 3562 animos
1220 3507 1384 3575 amisisse3

356 3605 443 3645 suurn
458 3605 530 3645 vero
546 3606 563 3645 e
583 3596 687 3646 eontra
702 3592 876 3660 exereitum,
892 3591 1074 3647 necessariis
1088 3591 1244 3646 abundare
1260 3608 1267 3660 3
1287 3596 1386 3645 tamen

355 3676 468 3731 domiui
488 3676 569 3744 regis
590 3677 708 3746 intuitu,
726 3677 776 3746 qui
790 3691 918 3745 magnus
938 3683 969 3732 et
990 3677 1118 3732 aalmius
1140 3682 1224 3732 esset
1242 3678 1387 3745 princeps

356 3761 386 3814 in
407 3761 486 3814 omni
510 3763 620 3830 populo
645 3762 818 3829 christiano,
845 3763 916 3816 dicit
931 3777 965 3817 se
981 3763 1138 3816 universos
1154 3762 1290 3830 captivos
1311 3776 1388 3830 quos

356 3847 446 3914 paulo
467 3852 538 3901 ante
560 3852 693 3916 ceperat,
715 3850 775 3900 tarn
800 3848 939 3902 comitem
962 3862 1050 3916 quam
1065 3848 1141 3902 allos
1156 3847 1341 3913 restiturum,
1358 3853 1389 3901 et

357 3931 477 3985 domino
506 3932 569 4000 regi
604 3947 674 3987 oum
703 3932 842 3987 omnibus
877 3933 940 3987 suis
969 3933 1093 3987 liberum
1131 3937 1162 3988 et
1196 3933 1388 4000 tranquillum

358 4015 481 4084 exitum,
507 4021 538 4071 et
561 4017 598 4070 ad
618 4016 739 4085 propria
762 4015 899 4084 reditum,
926 4018 1120 4086 indulturum,
1147 4018 1172 4071 st
1203 4017 1231 4072 ei
1254 4022 1388 4071 nastrum

357 4100 496 4155 omnibus
520 4115 648 4156 vanuum
677 4102 836 4155 restituere
864 4102 1022 4155 voluerint.
1054 4121 1065 4150 »
1097 4103 1222 4169 Etenim,
1260 4103 1387 4156 Fnleone

357 4186 554 4252 assentiente,
570 4189 702 4240 oestrum
719 4186 822 4240 Turois
837 4185 1019 4252 resignatum
1036 4185 1113 4252 fnit3
1142 4199 1201 4253 quo
1221 4186 1309 4253 laeto,
1333 4199 1386 4239 rex

358 4282 468 4337 sospes
484 4269 520 4323 ad
534 4269 656 4338 propria
671 4275 718 4325 est
732 4284 892 4338 regressus
911 4269 1061 4338 (Willelm.
1076 4269 1155 4340 Tyr,
1171 4284 1200 4340 p.
1212 4268 1287 4339 651).
