3128 5036
377 655 687 745 CONCLUSIO
740 647 1031 740 GENERALIS

235 1198 442 1264 Extremum
461 1197 516 1260 est
533 1197 571 1259 ut
586 1193 630 1259 de
646 1189 725 1258 viro
742 1192 777 1257 et
792 1193 953 1277 tempore
965 1185 1190 1274 judicemus.
1254 1243 1256 1255 .

234 1309 345 1377 Fuleo
362 1326 433 1374 non
451 1311 574 1373 tantus
590 1310 645 1372 est
659 1305 715 1371 vir
735 1309 774 1370 ut
793 1303 890 1370 inter
909 1300 1020 1369 medii
1045 1301 1113 1369 aevi
1135 1320 1218 1369 am-

189 1415 375 1503 plissimos
398 1435 505 1501 reges
529 1417 719 1484 habeatur.
745 1395 860 1483 Nemo
885 1413 1096 1482 memoriam
1123 1414 1217 1501 apud

190 1534 355 1614 posteros
376 1526 592 1614 adipiscitur
607 1526 777 1594 eximiam
794 1525 865 1594 nisi
883 1544 1016 1610 magna
1037 1525 1106 1594 sibi
1132 1543 1218 1612 pro-

190 1643 312 1731 posuit
327 1651 362 1712 et
378 1643 477 1711 om'ni
493 1662 560 1730 ope
577 1649 729 1711 conatus
743 1652 797 1711 est
815 1649 852 1710 ut
867 1644 994 1710 eadem
1010 1643 1215 1729 perficeret.

58 1826 75 1842 ,,
192 1761 387 1828 Fulcouem
412 1778 597 1846 nunquam
618 1766 718 1826 tanta
735 1758 954 1844 cogitavisse
974 1762 1128 1825 constat.
1147 1757 1214 1824 Sed

192 1894 265 1944 non
281 1875 447 1962 sequitur
460 1875 563 1943 illum
581 1873 693 1945 fuisse
709 1893 823 1959 regno
840 1874 1001 1962 regendo
1015 1873 1071 1939 vel
1089 1873 1218 1939 defen-

191 1989 310 2055 dendo
327 1987 502 2074 imparem
519 1987 636 2054 virum
654 1987 798 2072 qualem
815 2005 896 2053 eum
913 1984 1065 2071 pingere
1084 1985 1215 2052 solent.

192 2097 227 2165 Si
252 2096 336 2164 huic
360 2098 535 2183 opusculo
557 2102 682 2164 nostro
706 2098 812 2163 fidem
835 2095 993 2178 dederis
1019 2095 1153 2163 rectius
1173 2096 1218 2163 de

193 2214 351 2280 Fulcone
368 2220 405 2278 tu
417 2211 614 2298 Judicabis
634 2215 745 2289 Quem
764 2211 868 2296 regni
885 2230 969 2277 vere
987 2216 1164 2278 rectorem
1183 2217 1218 2276 et

192 2328 422 2396 defensorem
440 2328 551 2395 fuisse
573 2328 759 2396 fatebere:
782 2326 936 2394 vassalis
957 2325 1100 2394 scilicet
1121 2325 1218 2392 intra

193 2445 564 2531 Hierosolymitanum
589 2445 833 2532 principatum
859 2450 895 2512 et
918 2450 1019 2512 extra
1042 2443 1216 2528 subactis

191 2562 317 2631 Turcis
338 2562 544 2644 debellatis,
564 2563 702 2630 Graecis
727 2561 888 2649 denique·
905 2561 1066 2629 remotis.
1094 2562 1218 2645 Falce,

193 2683 383 2764 postquam
427 2695 596 2761 magnam
642 2675 726 2758 sibi,
769 2695 850 2743 cum
894 2673 1220 2760 andegavensibus

194 2797 381 2880 praeesset,
405 2790 548 2859 laudem
573 2797 776 2878 pepererat,
796 2791 965 2858 virtutem
986 2791 1070 2858 dein
1093 2809 1221 2875 regum

195 2905 609 2991 Hierosolymitanorum
650 2910 837 2972 assecutus
875 2911 965 2973 erat.
1000 2903 1067 2982 Qui
1103 2905 1222 2971 luerat

194 3040 329 3104 eomeS,
345 3020 376 3088 is
391 3039 465 3089 rex.

238 3138 291 3205 Ne
309 3137 426 3222 magis
446 3137 489 3204 de
511 3142 672 3223 tempore
692 3135 906 3204 detraxeris.
931 3137 1097 3204 Nondum
1124 3134 1221 3203 euim

196 3260 369 3320 senuerat
397 3251 538 3319 civitas.
569 3250 716 3318 Latinos
744 3248 862 3317 adhuc
893 3249 1070 3334 vigentes
1097 3268 1220 3334 regem

197 3363 446 3452 providentem
459 3383 504 3429 ne
517 3362 716 3430 seditiones
732 3381 751 3430 e
767 3360 1063 3430 contentionibus
1078 3363 1221 3444 flerent,

198 3486 329 3548 terram
356 3479 394 3545 in
420 3478 498 3545 dies
524 3478 770 3562 munitiorem,
795 3477 952 3564 denique
975 3496 1155 3563 quemque
1178 3473 1223 3542 de

195 3614 370 3684 prospero
397 3612 518 3661 rerum
541 3613 711 3662 successu
732 3594 975 3660 confidentem
995 3591 1131 3659 vidisti.
1154 3592 1224 3659 Ne-

199 3731 268 3798 que
287 3711 359 3778 ulla
377 3727 485 3777 causa
507 3708 587 3792 fuit,
608 3709 726 3795 quoad
747 3707 836 3775 vixit
858 3709 981 3792 Fulco,
1003 3727 1068 3774 cur
1091 3706 1223 3774 Hieru-

200 3828 314 3895 salem
333 3824 543 3892 amilterent
558 3823 755 3892 Christiani
772 3828 808 3891 et
825 3829 1083 3910 recuperarent
1102 3821 1222 3889 Turci.

199 3945 335 4011 Horum
351 3943 408 4009 vel
425 3940 570 4010 illorum
588 3941 770 4009 fortunam
788 3959 893 4008 nemo
910 3958 1132 4028 praesumere
1149 3943 1224 4010 tum

199 4055 389 4150 pmmmm.
