3128 5036
459 678 639 764 CAPUT
678 678 953 776 QUARTUM

213 1312 271 1375 De
295 1283 529 1376 rationibus
553 1329 658 1392 quas
680 1329 776 1376 cum
799 1315 985 1378 externis
1007 1315 1201 1394 pentibus

538 1417 662 1480 Fulco
685 1417 878 1481 habuerib

244 1717 267 1778 l.
286 1732 372 1788 Quas
387 1732 551 1778 marrones
567 1733 635 1778 cuu
648 1732 778 1778 runcis.
795 1751 833 1761 -
850 1717 889 1777 ll.
905 1731 990 1785 Quas
1007 1731 1172 1776 narremus

593 1837 661 1883 cun
682 1837 820 1883 cumeis

237 2105 265 2172 Ι.
284 2141 326 2156 -
348 2104 436 2172 Mihi
458 2105 659 2190 inquirenti
684 2106 769 2191 quid
787 2106 939 2174 rationis
957 2127 1038 2175 cum
1060 2108 1222 2176 externis

192 2215 364 2302 gentibus
381 2237 444 2284 rex
460 2218 570 2285 Fulco
583 2217 752 2286 habuerit
766 2217 1071 2286 considerandum
1085 2226 1222 2307 estque

191 2329 298 2395 modo
315 2334 351 2396 et
364 2327 490 2396 Turcis
506 2328 689 2396 obstiterit
712 2329 773 2415 qui
796 2329 988 2397 christiani
1014 2331 1119 2415 regni
1138 2331 1221 2398 exi-

192 2441 283 2508 tium
309 2441 555 2510 moliebantur
581 2448 617 2509 et
640 2443 767 2510 Graeco
790 2443 1005 2529 Imperatori
1028 2444 1090 2530 qui
1116 2463 1220 2512 sum-

192 2575 289 2624 mum
307 2555 502 2642 imperium
520 2557 724 2642 appetebat.

235 2669 362 2751 Turni,
394 2670 558 2756 quamvis
588 2690 607 2737 a
639 2671 880 2754 Gothosredo,
912 2673 1091 2740 Balduino
1121 2676 1152 2740 I⁰
1181 2692 1223 2739 ac

193 2782 372 2850 Balduino
389 2786 439 2850 ΙΙ0
458 2783 608 2866 regibus
629 2783 699 2850 Iusi
726 2784 928 2869 saepissime
952 2785 1121 2870 fuissent,
1140 2787 1222 2854 ani-

192 2897 261 2963 mis
277 2916 348 2964 non
364 2897 622 2980 tardabantur3
637 2898 747 2964 immo
761 2917 846 2965 vero
859 2897 1036 2967 ardebant
1047 2902 1091 2967 ad
1108 2901 1224 2968 uchs-

192 3012 360 3078 cendum.
379 3009 424 3077 Hi
440 3012 572 3078 multas
584 3010 764 3093 civitates,
779 3013 910 3079 multos
922 3031 1030 3097 agros
1046 3014 1222 3099 paulatim

192 3122 445 3208 amiserant13
488 3126 551 3192 sed
595 3125 762 3192 Latinum
803 3145 956 3210 reguum
992 3127 1221 3196 inexhaustis

192 3237 491 3324 Halapiensium,
531 3240 859 3320 Damascenorum,
891 3237 1215 3307 Ascalonitarum2

227 3536 254 3592 1.
270 3535 347 3590 Hist.
374 3535 424 3590 cles
451 3535 524 3592 Insl.
547 3535 625 3592 Mon.
652 3537 727 3590 cluna
753 3538 779 3590 le
805 3554 868 3608 roy.
895 3539 947 3592 lot.
970 3537 1005 3591 de
1025 3538 1133 3607 Je'rus,
1152 3553 1178 3593 c.
1200 3540 1223 3608 I,

191 3637 242 3690 pp.
259 3621 302 3690 76,
320 3621 365 3676 77.

226 3761 253 3816 2.
275 3762 464 3831 Ascalonem,
484 3763 622 3817 Fulconis
643 3767 789 3833 ternpore,
809 3765 941 3838 nondum
957 3765 1103 3819 tenebant
1117 3765 1223 3822 Latini.

192 3847 266 3902 Vide
282 3848 455 3902 Hernolium
468 3852 497 3902 et
513 3848 698 3902 Bernardunr
714 3849 955 3919 Thesaurarium,
972 3851 1019 3904 ed.
1037 3852 1100 3904 Mas
1114 3852 1223 3919 Latrie,

192 3944 218 3984 c.
237 3930 288 3999 lII,
309 3945 339 3998 p.
362 3929 396 3983 ta
420 3947 426 3984 ε
455 3949 466 3979 «
488 3933 511 3984 A
532 3932 665 3986 cellans
686 3932 726 3998 (id
747 3936 795 3986 est
811 3933 941 3988 Fulcone
956 3937 1115 4001 regnante)
1136 3936 1227 3989 estoit

192 4029 303 4070 encore
323 4016 490 4070 Escalonne
512 4030 580 4069 vers
601 4017 645 4070 les
669 4017 831 4072 Serrasins.
849 4037 861 4068 u
884 4019 1055 4073 Latinorum
1070 4020 1181 4088 quippe
1196 4021 1225 4073 in

192 4100 337 4155 ditionem
359 4115 436 4154 anno
458 4099 538 4169 1153,
559 4101 702 4156 Balduino
725 4102 778 4156 111ο
798 4109 954 4171 regnante,
977 4105 1084 4160 Ascalo
1104 4105 1227 4159 redacta

193 4190 242 4240 est
264 4186 412 4254 (Willelm.
430 4187 508 4255 Tyr,
524 4188 544 4241 l.
562 4187 649 4255 XVII,
666 4200 692 4242 c.
709 4188 793 4260 XXX,
816 4203 846 4257 p.
863 4187 935 4260 811;
954 4189 1073 4244 Hernol.
1092 4195 1122 4244 et
1137 4191 1224 4244 Bern.

193 4269 296 4342 Thes,
316 4284 342 4325 c.
359 4269 409 4341 Ill,
425 4285 455 4342 p.
473 4269 529 4344 Ill).

1068 4387 1086 4448 6
