3128 5036
701 513 746 566 nn
767 513 929 567 runuoms
950 515 1074 568 REGNO.

798 853 989 908 coucbuslo

421 1059 473 1126 Ex
488 1054 547 1126 bis
562 1055 679 1143 liquet
699 1074 852 1143 magnos
877 1055 981 1142 regni
1005 1055 1191 1146 principes
1208 1077 1413 1146 regemque

378 1167 750 1256 Hierosolymitanum
771 1169 960 1238 fidelitatis
983 1169 1090 1238 nodis
1108 1172 1257 1256 junctos
1278 1171 1413 1239 fuisse.

378 1287 456 1352 Rex
485 1302 557 1351 non
592 1288 732 1351 tantum
765 1284 803 1352 in
836 1283 1169 1370 Hierosolymitano
1199 1283 1414 1372 principatu

379 1398 550 1486 princeps
575 1399 637 1466 sed
661 1404 697 1466 et
721 1398 759 1465 in
785 1397 956 1467 universo
981 1417 1097 1484 regno
1119 1399 1289 1467 dominus
1314 1405 1411 1466 erat.

379 1513 554 1582 Omnibus
568 1511 692 1598 ,igitur
717 1509 878 1580 uniuersi
903 1513 1008 1598 regni
1023 1512 1164 1582 viribus
1185 1519 1221 1580 ct
1236 1512 1356 1601 copiis
1374 1513 1413 1582 in

379 1633 550 1698 externos
565 1630 689 1697 hostes
705 1629 816 1698 Fulco
831 1628 1010 1698 incubuit.

378 1917 436 1958 nus
451 1916 565 1971 comes,
579 1902 750 1958 Josoelinus
764 1902 878 1972 Iunior,
894 1903 932 1958 ad
947 1903 1088 1958 auxilium
1109 1903 1267 1960 ferendum
1287 1903 1413 1959 Fulconi

379 2000 469 2056 quem
491 1985 661 2053 Sanguinus
681 1986 710 2039 in
730 1985 998 2041 Monte-Ferrando
1017 1987 1181 2042 obsederat
1201 1992 1413 2042 convenerunt

379 2071 528 2138 (Willelm.
545 2070 623 2140 Tyn,
639 2071 657 2124 l.
673 2069 745 2139 XIV,
763 2085 789 2125 c.
806 2071 902 2140 XXVI,
920 2086 949 2139 p.
965 2071 1039 2138 145).
1055 2074 1187 2126 —Anno
1202 2070 1274 2125 1138
1288 2071 1414 2141 Tripoli-

379 2161 467 2210 tanus
483 2169 585 2210 comes
600 2155 786 2210 Raimundus
802 2160 834 2210 et
848 2155 1052 2210 Antiochenus
1063 2155 1206 2224 princeps
1220 2156 1413 2218 Raimundus

379 2241 649 2309 Hierosolymitan'o
659 2241 805 2296 exercitui
816 2241 948 2308 adiuncti
958 2241 1079 2295 suerunt
1089 2235 1145 2309 (lb.
1157 2242 1175 2295 I.
1188 2241 1247 2309 XV,
1257 2255 1302 2295 cc.
1314 2241 1363 2310 IX,
1375 2243 1410 2312 X,

377 2340 429 2394 pp.
445 2324 588 2393 671-673),
605 2325 817 2393 civitatemque
830 2325 1059 2380 paneadensem
1073 2329 1221 2394 ceperunt
1238 2323 1293 2394 (Ib.
1313 2340 1339 2380 c.
1359 2327 1409 2395 XI,

378 2425 429 2479 pp.
441 2408 494 2463 674
509 2404 541 2464 et
552 2410 622 2478 sq.).
636 2409 708 2464 Haec
717 2409 870 2478 copiosius
881 2409 1070 2464 narrabimus
1081 2410 1129 2464 ubi
1141 2424 1216 2477 quas
1226 2423 1295 2464 curn
1303 2410 1411 2466 Turcis

378 2493 522 2562 rationeS,
538 2491 676 2548 habuerit
691 2493 780 2546 Vulco
793 2492 1012 2560 perspiciemus
1026 2494 1104 2561 (cap.
1121 2493 1283 2563 quartum).
