3128 5036
337 518 379 582 54
664 534 709 582 nu
730 535 894 584 runcorus
915 535 1039 584 necno.

384 677 526 748 Etenim
547 697 620 746 non
641 683 781 747 tantum
798 678 1143 766 Hierosolymitanis
1164 682 1227 749 sed
1244 679 1384 766 etiam,

340 799 378 860 ut
396 795 473 879 jam
495 792 645 877 dictum,
668 792 904 879 Tripolitanis
929 794 1200 883 Edessanisque
1228 801 1265 864 et
1293 797 1383 864 An-

339 904 521 973 tiochenis
544 924 607 972 rex
629 904 777 992 proprio
795 907 880 991 jure
896 913 1067 993 praeerat.
1087 906 1124 976 Si
1141 927 1229 976 vero
1246 912 1383 996 Impe-

339 1024 495 1085 ratorem
511 1016 549 1084 in
566 1016 766 1104 quamlibet
783 1018 887 1102 regni
905 1023 1045 1105 partem
1061 1019 1243 1088 dominari
1261 1021 1385 1088 sivis-

339 1139 407 1216 set,
420 1130 545 1200 munia
557 1131 656 1217 regis
668 1150 709 1198 aa
722 1130 759 1198 in
773 1138 875 1219 parte
888 1132 967 1218 ipso
980 1134 1075 1201 sacto
1088 1133 1381 1220 repudiavisset.

339 1245 556 1333 Princeps¹,
580 1251 662 1333 post
688 1247 905 1334 Imperatori
921 1247 1137 1315 fidelitatem
1158 1249 1382 1332 exhibitam,

340 1362 575 1449 Imperatoris
590 1364 709 1448 jussa,
728 1382 801 1430 non
817 1362 930 1448 regie,
948 1363 1207 1450 exquisivisset
1224 1372 1261 1432 et
1276 1369 1381 1445 elle-

339 1476 463 1544 cisset.
481 1476 572 1554 Quid
593 1474 780 1558 acciderit,
798 1480 989 1562 postquam
1006 1475 1261 1545 investituram
1277 1479 1380 1546 Rai-

340 1592 475 1659 mundo
491 1588 801 1657 Antiochenorum
818 1588 976 1676 principi
992 1592 1153 1658 Ioannes
1169 1594 1382 1679 Imperator

340 1704 535 1790 concessit,
546 1704 747 1790 diligenter
758 1709 942 1791 pertenta:
958 1705 1232 1789 «Transcursis
1243 1706 1381 1776 scribit

339 1818 487 1905 Tyrius,
518 1819 617 1887 circa
643 1825 766 1906 partes
794 1818 934 1888 Ciliciae
965 1819 1151 1888 mensibus
1180 1821 1376 1907 hybernis,

340 1952 425 2002 vere
442 1935 519 2019 Jam
536 1934 699 2018 reducto,
718 1939 753 2000 et
774 1939 916 2018 gratam
939 1933 1163 2002 exercitibus
1188 1935 1379 2004 referente

340 2050 567 2139 temperiem,
593 2051 702 2120 missa
722 2069 810 2119 voce
828 2051 1014 2137 praeconia
1038 2072 1082 2119 ex
1106 2051 1227 2120 edicto
1249 2051 1375 2138 impe-

341 2163 425 2232 riali
442 2163 587 2251 publice
605 2165 798 2232 mandatur
817 2164 1053 2251 primiceriis,
1077 2164 1376 2248 centurionibus

341 2277 1375 2364 quinquagenariislegionum,iterumcohortcsinstrui,

340 2395 583 2462 instrumenta
604 2394 738 2463 bellica
755 2397 932 2482 reparari,
950 2395 1063 2464 armis
1084 2395 1229 2482 accingi
1251 2415 1376 2482 popu-

340 2513 417 2582 lum
440 2511 663 2581 universum.
687 2511 894 2582 Praemissis
918 2533 1007 2598 ergo
1032 2512 1283 2598 legationibus
1302 2513 1375 2580 do-

341 2622 461 2691 minus
489 2623 663 2711 princeps
690 2624 741 2712 (id
766 2630 821 2693 θεῖ
845 2624 1172 2712 Antiochenorum)
1202 2623 1377 2692 dominus

341 2757 484 2824 quoque
501 2755 622 2806 comes
638 2740 859 2825 Edessanus,
877 2739 1015 2827 aliique
1039 2740 1188 2807 illarum
1213 2738 1375 2826 partium

341 2851 519 2938 primores
543 2851 758 2936 invitantur,
787 2858 826 2921 ut
853 2874 935 2921 cnm
966 2853 1114 2921 domino
1146 2857 1374 2940 Imperatore

341 2966 641 3054 profisciscantur
663 2971 707 3037 ad
733 2967 940 3057 proeliat.»
966 2973 1092 3057 Itaque
1116 2969 1288 3057 princeps
1305 2987 1369 3036 co·

341 3100 490 3168 mosque
514 3087 597 3150 ante
617 3085 821 3152 Caesaream
837 3103 919 3152 cum
935 3087 1159 3172 Imperatore
1176 3084 1219 3151 ad
1227 3085 1375 3150 luerunt

341 3193 493 3282 (1138li.
511 3194 598 3272 Quis
609 3200 744 3279 aulem,
759 3196 997 3264 antiochenis
1011 3195 1282 3281 Edessanisque
1297 3197 1375 3271 Im÷

341 3313 546 3396 peratorem
577 3309 827 3396 sequentibus,
858 3330 984 3396 regem
1013 3311 1213 3397 sequeturl
1241 3310 1372 3376 Nonne

340 3422 544 3510 periculum
569 3428 690 3491 estne
714 3423 784 3492 sibi
809 3424 1025 3512 principem,
1050 3423 1216 3506 comiter,
1243 3441 1370 3508 regem

340 3537 498 3623 denique
514 3537 646 3626 ipsum,
664 3541 867 3625 Imperator
885 3539 1022 3608 sensim
1040 3539 1213 3626 subjiciat
1224 3559 1233 3625 3
1252 3539 1372 3606 inves-

340 3652 487 3722 tituram
505 3652 638 3740 quippe
655 3652 826 3741 principi,
846 3653 1053 3737 comitibus,
1071 3653 1257 3739 regidein
1277 3672 1370 3720 con·

268 3756 271 3759 ⁵
319 3835 321 3837 ,
340 3765 532 3835 cessurus?
549 3763 642 3849 Regi
660 3769 715 3832 est
730 3766 930 3833 cavendum
947 3785 993 3833 ne
1009 3764 1246 3853 Imperatoris
1264 3766 1372 3832 homo

375 3964 402 4020 l.
424 3964 456 4019 Id
473 3968 520 4019 est
536 3978 591 4020 seu
601 3963 810 4033 Tripolitanos,
823 3977 878 4018 seu
888 3963 1104 4034 Antiochenus,
1116 3977 1172 4019 seu
1183 3963 1369 4019 Edessanus.

375 4075 403 4131 2.
423 4077 560 4132 Willelm.
577 4076 657 4146 Tyr,
672 4077 691 4130 l.
707 4076 765 4145 XV,
782 4090 808 4130 c.
826 4076 849 4145 I,
865 4091 895 4144 p.
911 4073 975 4130 655.

376 4184 468 4328 (thgr.
485 4201 528 4242 oc.
545 4185 568 4256 I,
586 4185 624 4256 II,
639 4199 689 4256 pp.
706 4182 834 4241 65o658.
847 4215 879 4224 -
896 4185 985 4242 Miob.
1003 4183 1080 4239 Hiat.
1099 4185 1148 4241 des
1167 4183 1274 4255 crota,
1291 4189 1311 4241 l.
1335 4185 1371 4260 ll,

341 4285 371 4345 p.
444 4313 450 4327 .
