3128 5036
532 531 641 582 carun
666 532 838 591 ounnrun.
1160 521 1201 585 55

169 678 233 744 fiat
256 681 319 745 aut
335 676 503 764 precario
526 683 666 746 tantum
686 681 771 764 jure
793 680 1022 750 Hierusalem
1047 682 1200 751 univer·

169 810 323 876 sumque
347 810 501 876 regnum
526 799 660 860 teneat.
689 796 930 871 Quamobrem
954 796 1102 866 nuntios
1118 817 1200 866 oum

169 906 214 972 ad
232 905 429 973 Fulconem
447 904 576 990 dirigit
589 909 750 975 loannes
772 907 988 993 significans
1004 929 1056 994 se,
1074 909 1198 981 libeu-

168 1025 238 1102 ter,
257 1017 287 1087 si
306 1018 355 1086 ita
373 1019 452 1104 regi
469 1017 649 1103 videatur,
670 1021 900 1090 Hierusalem
917 1023 1081 1111 Sepulori
1104 1024 1198 1093 visi-

169 1133 271 1202 tandi
309 1153 419 1204 causa
453 1140 646 1202 venturum
684 1155 785 1221 esse,
821 1139 940 1207 Fulco.
967 1140 1197 1226 respondet:

170 1271 189 1314 r
213 1252 383 1334 Regnum
405 1250 649 1319 arctissimum
671 1270 765 1335 esse,
782 1269 849 1319 nee
873 1253 917 1320 ad
940 1250 1198 1320 sufficientiam

169 1368 282 1429 tantae
300 1363 558 1447 multitudinis,
576 1363 832 1431 alimentorum
858 1364 973 1452 copiis
989 1365 1175 1433 abundare
1186 1381 1195 1449 ;

169 1495 237 1543 nee
261 1481 395 1558 tantos,
419 1477 490 1545 nisi
516 1496 597 1568 oum
622 1476 729 1545 famis
752 1484 787 1544 et
810 1497 931 1545 rerum
950 1477 1198 1546 necessarium
1262 1486 1264 1492 ’

168 1590 349 1677 periente,
371 1592 553 1662 sustinere
571 1611 676 1679 posse
698 1591 956 1660 exercitusl.»
982 1593 1199 1680 Imperatori

169 1697 314 1773 obviam
331 1724 403 1772 non
420 1705 572 1774 exibunt
587 1705 909 1792 Hierosolymitani
932 1705 1004 1774 nisi
1022 1726 1103 1774 cum
1121 1725 1201 1774 mo·

168 1819 250 1886 dica
275 1838 384 1886 manu
409 1820 532 1887 urbem
562 1818 684 1886 intret.
714 1819 772 1888 Sic
795 1839 880 1887 vero
903 1820 1013 1887 Fuloo
1036 1822 1200 1906 Impera·

168 1943 285 2002 torem
302 1955 322 2002 a
340 1936 503 2021 partibus
519 1935 595 2003 suis
612 1933 785 2003 amovit².

214 2049 366 2117 Fulconi
384 2052 463 2118 haec
480 2050 670 2118 meditanti
686 2051 789 2135 regni
805 2050 990 2137 principes
1007 2051 1195 2119 favebant:

169 2164 230 2251 qui
248 2163 394 2250 quidem
411 2164 665 2233 auctoritatem
685 2165 797 2250 regie,
815 2164 937 2232 animo
955 2164 1040 2233 lieet
1055 2163 1196 2251 iniquo,

169 2276 443 2364 patiebantur³,
462 2279 697 2366 Imperatoris
713 2285 833 2346 autem
852 2277 1083 2365 respuebant.
1106 2279 1197 2346 Nam

168 2392 409 2478 Raimundu8‚
428 2394 593 2480 quamvis
612 2393 743 2462 Joanni
769 2393 981 2462 fidelitatem
1003 2398 1110 2461 antea
1128 2413 1196 2462 ex·

169 2504 370 2590 hibuisset‚
402 2506 623 2591 legationem
655 2509 698 2574 ad
727 2510 925 2592 loannem,
957 2509 1065 2594 paulo
1098 2513 1197 2594 post,

169 2619 265 2706 pacti
284 2620 557 2688 contradicendi
575 2639 699 2703 causa,
712 2618 850 2687 misirl.
868 2622 1043 2689 Defuncto
1058 2624 1198 2689 loanne

169 2733 283 2821 (1143)
306 2733 524 2802 Antiocheni
549 2736 694 2802 Graecos
717 2734 751 2800 ri
771 2754 843 2802 non
861 2736 945 2820 jure
969 2753 1053 2802 suas
1077 2740 1199 2820 partes

170 2846 377 2934 possedisse
399 2849 558 2915 Manueli
582 2850 861 2916 declaraverunt
871 2867 879 2932 ;
910 2847 1133 2932 legationem
1155 2850 1199 2915 ad

169 2982 303 3030 novum
324 2966 583 3050 Imperatorem
607 2964 651 3032 ab
668 2962 907 3031 Antiochenis
924 2961 1070 3056 missam
1089 2964 1200 3031 refert

169 3077 408 3147 Cinnamus⁵.

214 3194 265 3260 Ex
283 3191 340 3259 his
358 3191 472 3277 liquet
489 3193 748 3277 Imperatorem
766 3211 963 3280 regemque
983 3193 1032 3259 ita
1056 3192 1203 3260 dissen-

170 3304 262 3372 sisse
283 3310 321 3370 ut
336 3303 429 3370 nihil
454 3309 603 3390 possent
625 3323 668 3370 ex
693 3304 893 3390 composito
917 3323 1041 3388 agere.
1067 3303 1200 3388 Latini,

205 3508 231 3562 1.
253 3507 389 3563 Willelm.
406 3510 484 3578 Tyr,
501 3510 519 3562 l.
537 3508 595 3578 XV,
612 3525 638 3563 u.
654 3509 728 3577 XXI,
745 3523 773 3576 p.
789 3506 851 3562 692.

203 3629 231 3685 2.
254 3631 416 3686 Cinnamus
434 3629 521 3699 (Hist.
539 3630 643 3700 Graeo,
661 3635 680 3685 t.
698 3631 921 3700 l,pa1·stertia,
938 3646 967 3700 p.
983 3628 1056 3699 aad).

204 3751 232 3810 3.
252 3752 326 3807 Vide
340 3753 481 3821 superius
496 3767 562 3821 cap.
579 3753 709 3807 tertium.

203 3875 230 3929 4.
252 3874 390 3930 Willelm.
415 3876 493 3944 Tyr„
515 3876 533 3929 l.
560 3876 618 3944 XV,
636 3891 662 3930 o.
687 3875 745 3944 XX,
763 3889 792 3943 p.
816 3873 878 3930 690.
903 3905 939 3915 —
963 3875 1040 3930 Otho
1062 3873 1199 3945 Frising.,

168 3957 467 4111 kpvlffggcignglllll,
485 3959 611 4014 XXXlll.
634 3989 666 3998 —
688 3959 732 4012 Du
753 3959 863 4029 Gange,
880 3957 964 4013 Fam.
987 3957 1200 4028 d’Outre-Mer,

214 4084 219 4096 .
292 4084 299 4112 ,
374 4085 380 4097 .

204 4168 231 4222 5.
254 4166 415 4221 Cinnamus
442 4165 530 4236 (Hist.
563 4167 672 4236 Graec„
702 4172 723 4221 t.
754 4167 781 4237 l,
812 4182 882 4236 pars
913 4169 1010 4238 tertia,
1039 4183 1068 4237 p.
1099 4167 1162 4238 227)
1193 4184 1199 4223 :

171 4273 187 4313 t(
205 4251 251 4338 βίᾳ
265 4250 292 4312 δὲ
312 4249 357 4312 καὶ
372 4249 401 4313 οὐ
414 4247 455 4322 ξὺν
470 4257 508 4337 τῷ
525 4251 618 4338 δικαίῳ
632 4251 697 4336 πρὸς
711 4255 763 4313 τῶν
786 4250 930 4334 Ῥωμαίων
943 4250 977 4314 τὰ
992 4258 1035 4312 νῦν
1051 4251 1168 4336 ἔχεσθαι·
1183 4272 1199 4314 ))
