3128 5036
534 553 642 602 curun
668 552 843 611 ounnruu.
1164 539 1205 604 53

174 721 289 788 spem,
302 701 397 770 sieut
408 701 497 769 mihi
509 701 665 784 videtur,
679 700 770 770 fovit
781 705 1001 789 Imperator;
1017 721 1059 772 ao
1073 703 1203 772 merito

174 813 458 902 reprehenditur
488 815 532 883 ab
560 813 736 882 historico
766 815 906 899 Kugler
933 815 1028 902 quod
1062 817 1202 902 majora

174 927 415 1015 speraverit1.
442 930 531 996 Inde
554 929 693 996 nullam
715 926 775 994 hio
801 931 928 995 auctor
955 945 1092 994 moram
1116 927 1205 995 lacit

175 1042 371 1128 quominus
387 1046 647 1130 Imperatorem
665 1042 817 1130 perinde
836 1061 878 1110 ac
894 1042 1121 1126 sanguinum
1138 1063 1203 1130 pro

175 1155 342 1224 hostibus
359 1156 569 1254 Latinorum
590 1155 723 1242 cuique
746 1155 1049 1242 pertimescendis
1072 1157 1204 1226 haheat

175 1275 211 1338 et
226 1269 456 1339 denuntiet2.

221 1389 270 1453 De
284 1385 616 1472 Hierosolymitano
633 1404 720 1471 rege
738 1404 835 1453 nune
853 1385 1061 1453 dicendum.
1078 1387 1202 1469 Foloe,

176 1500 398 1570 fortissimus
428 1506 464 1569 et
492 1501 786 1588 sapientissimus
813 1501 881 1585 vir,
910 1502 954 1568 ad
986 1503 1204 1569 servandum

176 1634 332 1700 regnum
355 1616 450 1701 quod
474 1633 494 1682 a
517 1634 644 1683 socero
664 1619 868 1702 acceperat,
887 1615 1048 1682 animum
1070 1614 1205 1682 aeriter

176 1728 415 1797 intendebat:
440 1729 503 1816 qui
528 1730 690 1815 prolecto
708 1748 775 1796 neo
795 1728 1021 1796 fortitudinis
1038 1748 1115 1797 suae
1131 1748 1203 1815 pu-

177 1847 291 1911 tasset
314 1862 413 1927 esse,
442 1863 547 1930 quam
577 1848 712 1911 terram
742 1842 852 1910 armis
882 1842 1055 1910 domitam
1085 1842 1205 1911 Latini

176 1955 406 2039 habuissent,
430 1957 595 2023 eamdem
610 1955 748 2025 Graecis
769 1957 938 2042 tradere3
964 1975 1031 2024 nec
1051 1956 1204 2044 sapien-

176 2069 240 2138 tiae
257 2088 337 2138 esse
356 2070 502 2154 lamam,
522 2089 591 2157 qua
609 2072 687 2156 jam
709 2069 788 2157 ipse
804 2071 970 2154 florebat,
989 2071 1203 2157 deperdere.

177 2187 304 2271 ltaque
321 2185 518 2253 Falconem
534 2186 629 2271 quod
646 2183 888 2253 christianum
907 2203 1061 2269 regnum
1078 2207 1096 2250 ‹<
1115 2183 1206 2251 viri-

178 2297 266 2366 liter
285 2319 304 2364 s
325 2297 462 2366 rexerit
483 2299 716 2382 gratulantur
742 2295 909 2365 historici
932 2316 1005 2364 non
1028 2296 1067 2364 in
1091 2316 1206 2382 regno

178 2411 296 2478 solum
314 2409 378 2478 sed
394 2417 429 2478 et
444 2409 482 2478 in
499 2409 660 2478 externis
674 2409 888 2495 regionibus
904 2408 1108 2478 viventes³.

215 2598 240 2653 l.
262 2598 374 2665 llugler
390 2597 504 2665 (Gescb.
522 2597 576 2651 der
589 2597 706 2666 Krene,
722 2612 751 2666 p.
768 2595 832 2665 125)
846 2614 851 2651 :
868 2616 878 2646 i
892 2597 1044 2655 lohannes
1055 2597 1207 2666 hegntigte

179 2683 243 2738 sioh
258 2684 333 2738 aber
348 2684 430 2738 nieht
443 2685 497 2736 mit
510 2684 580 2738 dem
596 2684 777 2752 Lehnseide,
793 2683 925 2738 sondern
941 2683 1023 2750 lttgte
1038 2683 1085 2738 die
1101 2684 1208 2738 Forde·

179 2782 257 2836 rung
277 2769 381 2837 hinnu,
401 2769 456 2822 das
478 2767 625 2822 Raimund
645 2768 695 2822 aul
713 2769 778 2823 sein
799 2769 1015 2823 Furstenthum
1035 2770 1207 2824 verziohten

148 2915 150 2920 ¹
180 2855 263 2922 solle,
289 2853 394 2908 sohald
418 2868 450 2908 er
476 2854 562 2908 delur
589 2853 682 2908 Haleb
712 2855 773 2908 und
802 2853 849 2908 die
878 2854 997 2909 kleinen
1028 2855 1130 2909 Stadte
1159 2869 1208 2909 em

181 2940 299 2994 Oberen
315 2939 454 3007 Orontes
467 2940 516 2994 die
530 2954 600 2993 man
616 2940 676 2994 den
691 2939 898 2994 Seldsohuken
914 2940 1087 2993 entreissen
1098 2939 1207 3007 welhe,

180 3024 361 3093 emplangen
387 3023 485 3078 haben
509 3025 621 3079 werde.
651 3025 711 3078 Der
738 3025 844 3078 Kaiser
870 3025 969 3078 stellte
997 3023 1117 3078 hiermit
1141 3024 1209 3078 eine

180 3108 341 3163 unendlioh
365 3107 514 3163 thdrichte
544 3109 726 3176 Forderung.
749 3127 760 3159 u
786 3109 826 3163 Gi.
857 3109 989 3177 Wilken,
1023 3107 1124 3164 Geeeh.
1155 3108 1210 3162 der

180 3191 296 3262 Krene,
313 3196 334 3246 t.
352 3192 387 3262 ll,
403 3207 454 3261 pp.
470 3191 521 3246 641
538 3197 569 3248 et
584 3207 630 3262 sq.

215 3312 242 3367 2.
263 3313 374 3380 Kugler
388 3311 443 3381 (Ib.
460 3328 488 3382 p.
506 3312 571 3383 123)
586 3329 592 3368 :
611 3333 624 3364 α
644 3315 703 3368 Der
718 3328 813 3381 ganne
833 3313 964 3368 Bestand
980 3312 1082 3367 dieser
1096 3313 1209 3367 Kreuz-

181 3399 280 3453 lehrer
301 3403 419 3454 staaten
440 3400 544 3453 wurde
566 3414 627 3453 nun
650 3399 722 3454 aher
742 3400 820 3453 noch
841 3398 889 3454 hei
912 3397 1072 3453 Lehzeiten
1100 3399 1209 3453 Fulkos

180 3484 233 3538 aul
244 3484 300 3538 das
316 3483 485 3538 Solrwerste
497 3483 635 3552 bedroht,
649 3485 750 3538 indeur
766 3483 865 3538 neben
881 3481 948 3537 dem
962 3482 1210 3537 unermttdliohen

181 3568 463 3635 lmaeddin-Zengui
483 3568 531 3622 ein
554 3569 637 3622 nieht
660 3568 777 3622 minden
801 3569 1010 3636 gelehrlieher,
1032 3569 1063 3635 ja
1084 3568 1131 3621 lttr
1152 3567 1210 3622 den

181 3651 366 3718 Augenhliek
380 3665 470 3719 sogal·
489 3652 566 3706 noeh
587 3651 897 3720 heangstingenderer
912 3652 1031 3718 Gegner
1048 3651 1210 3708 derselhen

182 3737 211 3789 in
229 3737 325 3791 Sirieu
342 3737 461 3791 anstrat.
484 3753 496 3788 n

216 3862 243 3917 3.
264 3863 297 3917 ln
321 3876 426 3932 regno,
453 3862 520 3918 vide
542 3864 678 3919 Willelm.
701 3865 779 3934 Tyn,
805 3866 822 3920 l.
849 3866 922 3934 XIV,
947 3880 973 3920 e.
999 3865 1048 3935 Vl,
1072 3880 1102 3935 p.
1127 3865 1209 3921 614:
1288 3883 1292 3891 ·

185 3967 196 3996 u
217 3949 294 4002 Dum
309 3947 388 4003 idem
403 3963 458 4004 rex
473 3948 503 4002 in
518 3950 603 4017 regni
619 3964 636 4003 a
652 3951 714 4004 Deo
736 3951 793 4004 sihi
813 3951 967 4005 commissi
982 3951 1106 4006 viriliter
1119 3952 1211 4007 desu-

182 4032 268 4086 daret
283 4032 528 4087 neeessitatihus.
551 4050 563 4083 u
583 4034 617 4087 In
637 4035 779 4088 extremis
794 4035 980 4104 regionihuS,
996 4034 1064 4089 vide
1084 4034 1154 4091 Chr.
1176 4035 1212 4088 de

185 4114 262 4169 Gest.
279 4114 364 4170 Cous.
379 4114 494 4184 Auden.
511 4116 596 4185 (Chr.
614 4116 724 4187 adopt,
737 4134 766 4186 p.
784 4118 847 4187 155)
859 4124 889 4174 et
899 4117 978 4174 Hist.
990 4118 1110 4173 Abbreo.
1125 4119 1209 4174 Cone.

181 4197 297 4268 Andep.
323 4199 378 4267 (lb.
403 4215 433 4269 p.
455 4199 519 4268 361)
546 4217 552 4255 :
579 4201 749 4269 «Regnum
774 4203 897 4258 viriliter
920 4203 1041 4258 rexit.»
1071 4231 1107 4242 -
1132 4201 1209 4258 Hist.

183 4279 291 4339 Gemit.
306 4281 420 4356 Andep.
436 4281 491 4355 (Ib.
507 4299 537 4358 p.
554 4283 619 4355 336)
635 4300 641 4340 :
661 4304 674 4336 «
691 4286 775 4356 Quod
791 4286 880 4360 igitur
890 4286 1002 4357 incepit
1011 4285 1144 4344 viriliter.
1162 4305 1173 4338 i
